2769 3754
1316 169 1363 222 ‘7

177 302 333 362 r'ellqul
362 302 706 365 chronographi,
733 302 852 347 illam
881 303 1042 346 seriem
1061 311 1224 362 reg-nm
1242 301 1561 361 Aegyptiorum
1589 305 1753 357 septem
1777 301 1905 346 anda
1932 301 2061 357 prim
2087 302 2282 360 incipere
2310 305 2506 347 statuen-

179 382 274 433 tes,
306 392 432 437 quam
462 391 513 422 re
542 374 649 423 *a
676 380 939 436 regnarunt,
977 375 1092 420 unde
1132 378 1318 420 maxima
1341 376 1470 433 ‚apud
1508 389 1588 421 eos
1626 376 1896 433 perturbatio
1935 388 2079 418 rerum
2110 382 2208 419 orta
2237 381 2330 431 est,
2374 389 2505 434 quum

178 459 332 514 onnes
362 451 462 494 illos
491 463 627 510 reges
656 464 683 493 a
712 449 849 492 Dario
879 449 1030 492 Notho
1060 463 1198 507 usque
1228 450 1282 492 ad
1312 449 1495 493 Darium
1526 450 1694 493 Ochum
1734 462 1788 492 eo
1822 450 1914 506 Jam
1945 455 2143 505 tempore
2174 456 2370 491 mortuos
2400 462 2505 492 esse

178 524 447 582 perhibeant,
479 537 565 582 quo
595 526 711 584 inter
740 536 893 565 omnes
923 528 1097 565 constat
1126 537 1206 565 eos
1235 526 1404 566 vixisse
1433 523 1502 576 (cf.
1534 524 1563 566 Ι.
1593 522 1660 576 1.).
1718 523 1837 582 Ergo
1868 526 1907 565 si
1940 522 2251 564 Manethonem
2282 527 2506 565 auctorem

177 601 416 654 sequimur,
445 600 519 653 qui
548 608 663 637 unus
692 596 763 637 hie
791 600 864 637 est
893 595 1154 650 audiendus,
1184 595 1450 653 Amyrtaens
1479 601 1679 655 regnavit
1709 604 1810 654 post
1840 597 2020 639 Darium
2051 598 2246 639 Nothum
2277 600 2504 639 404-399

178 683 217 712 a.
249 670 350 712 Chr.
361 701 374 724 ,
405 676 538 725 atque
566 675 688 711 certe
717 672 871 710 mirum
903 675 997 722 est,
1028 683 1083 711 ex
1113 669 1397 711 similitudine
1427 674 1666 723 nominum,
1696 685 1779 726 quo
1810 685 1897 712 uno
1928 671 2046 712 stant
2076 675 2362 727 argumento,
2391 669 2507 710 hune

178 743 363 786 eundem
394 748 614 796 statuere,
644 748 776 798 atque
808 740 1044 797 Herodoti,
1075 746 1147 799 qui
1177 747 1262 785 400
1293 755 1333 785 a.
1364 741 1465 784 Chr.
1495 756 1523 785 a
1550 742 1704 785 Persis
1733 743 1918 797 defecit,
1950 749 1994 784 et
2024 743 2106 784 hac
2137 756 2219 783 una
2252 755 2307 784 ex
2336 743 2507 782 ratione

179 814 392 858 Herodoti
423 819 553 858 vitam
584 821 738 857 eontra
767 814 970 874 Dionysii
999 818 1302 858 auctoritatem
1341 814 1439 872 plus
1476 818 1659 874 triginta
1695 829 1834 857 annos
1873 829 2127 872 propagare.
2189 813 2249 856 At
2286 828 2391 857 vero
2430 815 2507 855 mi-

176 894 294 932 nime
323 896 427 932 sunt
458 889 753 944 permutandi,
796 904 925 945 quum
963 891 1105 942 priori
1143 903 1435 932 successorem
1466 890 1610 948 fuisse
1635 888 1774 944 filium
1802 889 2030 931 Pausirim
2060 889 2310 931 Herodotus
2342 892 2505 940 narret,

175 964 463 1017 posteriorem
492 968 645 1007 contra
673 976 696 1006 e
724 962 951 1006 sairam
977 968 1100 1020 qente
1128 967 1383 1019 myrtatum
1414 962 1670 1017 Nepheritee
1700 968 1874 1007 secutus
1903 963 1967 1006 ait
1994 975 2017 1005 e
2043 967 2165 1018 gente
2194 960 2508 1004 Mendesiomm

176 1036 318 1091 onus,
349 1035 654 1094 Pausirimque
685 1035 758 1079 ille
789 1050 816 1079 a
842 1035 1003 1079 Persis
1032 1036 1281 1079 institutum
1309 1050 1413 1079 esse
1444 1037 1681 1095 perhibeat,
1712 1036 1982 1094 Nepheriten
2016 1048 2070 1077 ne
2100 1039 2304 1092 poterant
2334 1032 2506 1091 quidem

177 1107 343 1152 Persae
374 1111 630 1164 instituere,
669 1115 718 1152 ut
748 1113 823 1167 qui
853 1109 966 1167 apud
995 1110 1245 1168 Aegyptios
1277 1109 1381 1152 nihil
1411 1116 1500 1154 tum
1529 1111 1739 1154 valerent.

292 1180 466 1237 Majore
495 1195 635 1238 paene
665 1185 833 1238 inopia,
864 1186 904 1225 si
932 1189 1211 1225 monumenta
1240 1187 1574 1240 testimoniaque
1604 1190 1798 1226 veterum
1829 1188 2028 1239 spectas,
2059 1183 2201 1223 teneri
2230 1179 2428 1222 videmur
2458 1181 2500 1221 in

177 1253 433 1310 explicando
461 1255 601 1298 altero
630 1256 726 1298 loco
742 1255 777 1310 1,
798 1260 891 1299 130.
923 1255 1006 1299 Ubi
1034 1270 1163 1313 quum
1182 1255 1384 1314 Astyage
1414 1260 1526 1299 victo
1554 1255 1675 1298 Medi
1707 1260 1932 1312 imperium
1962 1258 2167 1297 amisisse
2191 1253 2403 1305 dicantur,
2433 1264 2508 1318 se·-

179 1332 368 1383 quuntur
392 1327 547 1371 verba:
577 1327 738 1386 ὑστέρῳ
765 1329 903 1383 μέντοι
928 1329 1069 1387 χρόνῳ
1099 1329 1357 1385 μετεμέλησέ
1381 1329 1429 1372 τέ
1456 1346 1530 1385 σφι
1555 1330 1688 1372 ταῦτα
1718 1328 1923 1383 ποιήσασι
1953 1328 2026 1370 καί
2045 1326 2290 1381 ἀπέστησαν
2319 1324 2401 1366 ἀπὸ
2417 1325 2503 1366 Δα-

178 1398 315 1456 ρείου·
335 1398 584 1452 ἀποστάντες
606 1401 652 1445 δὲ
678 1400 812 1445 ὀπίσω
834 1402 1217 1459 κατεστράφθησαν
1239 1403 1349 1461 μάχῃ
1376 1403 1636 1458 νικηθέντες.
1666 1402 1757 1444 τότε
1777 1402 1821 1443 δὲ
1845 1401 1924 1443 ὑπὸ
1942 1400 2185 1455 Ἀστυάγεος
2208 1397 2248 1441 οἱ
2270 1397 2443 1453 Πέρσαι
2462 1411 2504 1437 τε

178 1472 254 1516 καὶ
283 1473 304 1516 ὃ
333 1474 475 1530 Κῦρος
505 1475 812 1525 ἐπαναστάντες
841 1482 953 1518 τοῖσι
982 1476 1178 1530 Μήδοισι
1205 1472 1334 1531 ἦρχον
1360 1478 1409 1520 ‘to'
1440 1476 1519 1519 ἆπό
1547 1475 1696 1519 τούτου
1725 1477 1797 1530 τῆς
1821 1474 1962 1528 Ἀσίης
1982 1491 2017 1515 κ.
2036 1490 2071 1515 τ.
2091 1477 2125 1513 λ.
2160 1473 2284 1514 Quae
2313 1469 2501 1512 defectio

176 1545 408 1590 Medorum
441 1563 525 1605 quo
556 1554 754 1606 tempore
783 1548 902 1592 facta
931 1552 1010 1605 sit,
1040 1548 1250 1593 dubitant.
1295 1549 1408 1602 Nam
1439 1564 1567 1608 quum
1597 1563 1670 1592 res
1701 1555 1853 1607 gestas
1884 1547 2008 1590 Darii
2040 1546 2277 1603 Hystaspis
2306 1545 2384 1587 filii
2413 1549 2501 1586 tam

176 1623 356 1676 copiose
383 1626 660 1677 exposuerit,
687 1637 828 1679 neque
856 1629 999 1666 tamen
1031 1639 1213 1681 usquam
1243 1625 1354 1668 baec
1383 1623 1568 1668 defectio
1599 1623 1827 1667 Medorum
1861 1622 2039 1665 indicari
2073 1620 2290 1673 videatur,
2323 1617 2499 1660 Darium

179 1693 373 1736 Nothum
404 1708 523 1749 esse,
554 1709 681 1751 quem
706 1696 778 1738 hic
804 1697 1087 1753 significaret,
1120 1704 1294 1753 putant,
1325 1713 1409 1755 quo
1440 1705 1652 1756 regnante
1672 1697 1831 1740 Medos
1862 1697 2160 1739 desciscentes
2192 1707 2218 1736 a
2237 1692 2389 1735 Persis
2420 1688 2499 1732 sub

177 1770 403 1823 imperium
435 1767 637 1811 redactos
668 1783 771 1811 esse
803 1773 901 1821 (4⁰9
933 1785 972 1812 a.
1004 1769 1121 1822 Chr.)
1153 1769 1395 1826 Xenophon
1429 1778 1579 1814 auctor
1608 1774 1668 1814 sit
1699 1769 1885 1823 (Hellen.
1917 1768 1957 1820 Ι,
1988 1774 2034 1822 2,
2067 1772 2147 1821 19).
2210 1765 2323 1809 Sunt
2354 1766 2496 1817 etiam,

176 1843 252 1897 qui
277 1844 568 1896 suspicentur,
598 1842 732 1885 verba
761 1843 836 1886 illa
862 1849 1018 1900 postea
1049 1857 1152 1886 esse
1182 1847 1454 1900 interposita,
1482 1851 1527 1887 ut
1549 1844 1805 1902 Kruegerus
1831 1845 1858 1886 l.
1881 1844 1908 1886 l.
1925 1857 2025 1899 pag.
2043 1847 2135 1895 26„
2167 1846 2270 1883 sunt
2301 1838 2498 1892 denique,

177 1917 249 1969 qui
290 1914 571 1969 Xenophonti
610 1930 781 1971 quoque
822 1931 945 1960 suam
995 1917 1281 1972 abjudicaturi
1328 1921 1415 1961 sint
1453 1922 1757 1962 narrationem.
1818 1917 1887 1959 De
1918 1916 2072 1971 quibus
2105 1913 2366 1968 conjecturis
2396 1907 2499 1952 nihil

175 1986 336 2042 dicam,
378 2002 506 2044 quum
546 1990 600 2030 iis
640 1987 769 2032 facile
808 2004 959 2033 carere
1000 2005 1135 2046 posse
1172 1991 1273 2034 mihi
1303 1991 1472 2046 videar,
1514 2006 1655 2048 neque
1695 1995 1756 2034 ita
1796 1990 2076 2034 difficultates
2118 1991 2318 2030 evincere
2356 1983 2494 2026 liceat.

175 2061 321 2118 Atque
352 2066 533 2118 primum
562 2065 604 2105 in
638 2063 780 2106 verbis
811 2063 955 2106 allatis
986 2063 1028 2106 id
1057 2064 1482 2108 animadvertendum
1513 2072 1604 2120 est,
1646 2065 1759 2122 quod
1790 2065 1843 2108 ad
1874 2071 2044 2120 tempus
2077 2062 2335 2104 defectionis
2368 2059 2498 2114 signi—

175 2134 390 2178 ficandum
420 2136 533 2178 hanc
561 2149 654 2178 rem
685 2134 845 2193 ὑστέρῳ
871 2135 1007 2193 χρόνῳ
1038 2137 1251 2179 accidisse
1282 2137 1461 2192 adjecit,
1492 2153 1644 2195 quum,
1674 2153 1785 2195 quae
1817 2138 1912 2193 ejus
1944 2151 2047 2179 cura
2077 2135 2180 2187 fuit,
2212 2133 2392 2174 multum
2423 2129 2498 2171 dif-

175 2207 310 2262 ferat,
342 2214 485 2251 utrum
516 2222 589 2250 res
620 2212 872 2251 πολλοΐσι
910 2209 1083 2251 ἔτεσιν
1118 2206 1336 2265 ὕστερον
1366 2224 1419 2253 an
1446 2211 1617 2269 χρόνῳ
1654 2211 1960 2264 μετέπειτα,
1991 2223 2043 2250 an
2073 2206 2240 2262 χρόνῳ
2280 2204 2499 2258 ὕστερον

175 2283 375 2339 πολλῷ,
407 2296 461 2324 an
493 2279 714 2337 ὕστερον
744 2297 798 2325 an
830 2280 1051 2339 ὕστερον
1088 2283 1315 2325 τουτέων
1344 2290 1473 2342 gesta
1502 2287 1610 2338 sint,
1642 2284 1695 2325 de
1726 2280 1879 2339 quibus
1910 2281 2184 2334 conferatur,
2216 2292 2326 2335 quae
2357 2278 2500 2332 dispu-

174 2358 264 2399 tavi
304 2359 346 2398 in
385 2356 497 2399 libro
538 2356 715 2399 laudato
747 2371 848 2414 pag.
881 2361 936 2399 68
965 2370 1029 2412 sq.
1091 2355 1352 2398 observavit
1383 2361 1513 2400 etiam
1543 2356 1799 2413 Kruegerus
1828 2356 1857 2397 l.
1889 2357 1915 2397 l.
1949 2382 2001 2389 —
2033 2354 2209 2411 Ergone
2241 2357 2496 2403 statuemus,

175 2427 446 2474 Herodotum
476 2430 557 2472 hac
588 2434 631 2472 in
664 2443 734 2481 re,
775 2444 883 2486 qua,
924 2433 962 2472 si
992 2431 1045 2472 ad
1077 2429 1256 2472 Darium
1286 2430 1477 2472 Nothum
1508 2429 1738 2472 referenda
1771 2435 1863 2483 est,
1904 2429 2008 2470 nihil
2039 2435 2107 2469 est
2139 2430 2347 2478 omnium,
2388 2435 2498 2480 quae

175 2501 289 2558 apud
320 2515 417 2545 eum
448 2502 667 2559 legantur,
699 2506 942 2559 posterius,
974 2506 1191 2547 minimum
1223 2516 1354 2546 curae
1384 2503 1665 2547 adhibuisse?
1707 2503 1913 2557 Aceedit,
1944 2502 2056 2556 quod
2088 2504 2243 2557 prioris
2275 2499 2396 2541 Darii
2425 2510 2497 2540 res

174 2580 329 2633 gestas
362 2581 588 2619 enumerat
619 2576 768 2632 plures
799 2590 878 2633 per
917 2577 1051 2620 libros
1064 2603 1086 2632 ,·
1116 2581 1404 2634 posteriorem
1435 2590 1644 2633 nusquam
1676 2578 1778 2619 alibi
1818 2582 2047 2628 memorat,
2095 2587 2250 2631 quare,
2289 2585 2344 2614 ne
2388 2571 2498 2612 alter

173 2661 270 2691 eum
303 2648 442 2691 altero
475 2648 775 2704 confundatur,
806 2650 935 2705 huju·
966 2664 1122 2693 nomen
1146 2665 1236 2693 non
1268 2654 1329 2693 ita
1359 2651 1515 2694 afferre
1545 2656 1730 2707 poterat,
1761 2656 1808 2692 ut
1830 2649 2003 2691 Sitalcis
2026 2649 2197 2703 (meo)
2231 2653 2304 2689 aut
2335 2648 2495 2702 Amyn-

170 2727 249 2763 tae
290 2721 363 2776 (V,
399 2726 488 2776 17).
556 2722 713 2779 Neque
756 2737 942 2765 necesse
981 2723 1065 2765 fuit
1103 2724 1213 2766 haec
1251 2724 1439 2766 defectio
1489 2727 1710 2780 copiosius
1755 2731 2071 2779 exponeretur,
2120 2737 2247 2778 quum
2287 2721 2498 2763 Herodoti

174 2802 320 2847 esset,
351 2810 542 2837 summas
572 2802 739 2838 tantum
769 2811 843 2839 res
875 2811 1079 2839 enarrare
1109 2797 1173 2851 (I,
1209 2802 1336 2852 177),
1368 2810 1561 2853 quaeque
1593 2797 1777 2839 Graecis
1807 2797 1938 2838 rebus
1971 2798 2214 2851 implicatae
2246 2802 2418 2849 essent,
2449 2801 2496 2837 ut

174 2869 295 2910 verbi
326 2874 475 2925 gratia
500 2869 679 2911 Darium
711 2874 839 2911 etiam
872 2874 913 2911 in
943 2871 1150 2927 Aegypto
1186 2869 1327 2911 fuisse
1367 2875 1631 2925 compertum
1671 2870 1880 2911 habemus
1919 2884 2059 2925 neque
2101 2873 2245 2911 causis
2277 2869 2330 2911 ab
2361 2868 2496 2912 Hero-

174 2939 276 2982 doto
303 2939 522 2996 'expositis
555 2955 693 2998 neque
723 2945 881 2985 itinere
911 2945 1007 2998 ipso
1039 2941 1189 2995 (Diod.
1220 2941 1264 2996 1,
1295 2947 1349 2986 95
1381 2944 1435 2985 cf.
1467 2942 1505 2997 l,
1536 2947 1604 2986 58.
1636 2942 1797 2985 Herod.
1829 2942 1891 2997 11,
1926 2948 2045 2994 110).
2107 2942 2194 2985 Sed
2235 2943 2391 2985 nullam
2421 2942 2495 2984 du-

174 3011 427 3056 bitationem
459 3016 774 3070 relinquemus,
806 3029 934 3071 quum
966 3016 1063 3058 aliis
1094 3028 1264 3071 quoque
1296 3016 1404 3058 locis
1435 3016 1720 3059 demonstrari
1752 3021 1912 3072 possit,
1943 3017 2102 3059 Medos
2134 3024 2284 3059 contra
2316 3016 2494 3058 Darium

173 3089 362 3140 priorem
400 3087 655 3131 rebellasse.
715 3088 828 3131 Nam
867 3091 939 3144 qui
969 3087 1093 3145 Magi
1133 3090 1359 3142 imperium
1399 3089 1632 3133 affectasse
1662 3090 1910 3144 traduntur,
1943 3103 1996 3132 ex
2028 3096 2160 3146 gente
2193 3089 2387 3144 ejusdem
2419 3103 2493 3131 no-

174 3161 302 3203 minis
338 3158 515 3205 Medica
558 3161 727 3206 oriundi
768 3161 945 3206 fuerunt
989 3161 1054 3218 (I,
1096 3165 1190 3205 110.
1239 3160 1325 3218 111,
1363 3166 1462 3218 73),
1510 3167 1560 3207 ut
1602 3163 1908 3222 Pasargadae,
1953 3178 2133 3220 quorum
2185 3163 2351 3207 familia
2394 3168 2495 3206 sunt
