2769 3754
141 253 372 305 mque
406 246 655 291 mmm
691 244 859 300 adepti
879 249 1047 302 ment,
1085 250 1135 290 ut
1163 244 1266 301 Vll,
1310 249 1352 289 ¹7.
1394 243 1649 303 Ἀχαιμένεα
1683 245 1761 302 μέν
1796 264 1872 292 νυν
1907 246 2231 305 ἐπιτροπεύοντα
2259 249 2481 306 Αἰγύπτου

138 322 283 380 χρόνῳ
310 322 530 376 μετέπειτα
559 319 755 377 ἐφόνευσε
782 319 954 375 Ἰνάρως
985 318 1007 363 ὅ
1042 319 1318 374 Ψαμμιτύχου
1348 318 1452 375 ἃνῆρ
1474 322 1636 377 Δι’βυς,
1668 336 1780 379 quae
1809 336 1884 365 res
1910 323 2185 380 significabat
2208 323 2322 368 bella
2343 323 2478 368 Athe-

142 400 368 440 niensium
388 400 431 439 tn
455 383 669 454 'Aegypto
700 400 857 452 postea
885 401 1038 454 gesta3
1075 394 1229 440 eodem
1260 394 1390 439 modo
1421 393 1525 457 Vll,
1549 399 1619 450 33,
1649 396 1721 439 ubi
1751 396 1807 439 cf.
1838 394 1916 450 lx,
1950 400 2052 451 1163
2090 395 2191 451 vll,
2226 401 2475 454 los-10⁷3

140 468 247 525 vn,
280 475 385 527 ¹⁷⁰3
427 472 514 525 ΙΧ,
539 473 618 524 35,
650 473 730 523 37,
759 473 839 524 34,
868 473 947 524 73,
977 472 1056 525 75,
1092 471 1171 513 105
1202 473 1285 512 etc.
1347 467 1494 512 Quare
1524 470 1564 512 si
1595 469 1694 526 quid
1724 473 1766 513 in
1798 470 1997 513 historiis
2027 468 2240 513 Herodoti
2270 470 2477 514 traditum

139 542 355 603 legimus,
393 531 549 600 qulbus
588 545 858 598 Interruptus
897 555 1002 585 esse
1041 556 1186 585 rerum
1225 547 1355 585 tenor
1390 542 1579 596 videtur,
1618 557 1702 585 non
1742 549 1834 598 est,
1872 543 1986 602 quod
2024 543 2142 586 illico
2182 547 2474 587 recentiorem

140 629 315 660 manum
346 618 613 673 suspiceris,
643 617 903 672 minimeque
931 619 974 659 in
1006 617 1129 672 locis,
1159 622 1209 658 ut
1238 611 1444 670 111,Ῑὸ0,
1474 616 1545 665 uhi
1564 615 1778 690 Zopyrus
1810 624 2073 661 memoratur
2099 616 2222 674 filius
2250 616 2476 674 Meyabyzi

142 688 475 735 Atheniensibus
502 689 877 745 perniciosissimi,
907 695 983 734 aut
1011 690 1104 745 Vll,
1136 694 1236 745 28³,
1265 689 1341 732 ubi
1371 672 1631 748 Eurymachi
1660 692 1821 733 mentio
1851 690 1922 746 fit,
1952 692 2025 747 qui
2050 691 2172 749 filius
2201 697 2320 735 esset
2348 692 2474 735 ducis

144 761 440 808 Mamm
467 762 514 806 in
540 775 687 820 puqna
717 762 778 806 ad
809 761 1130 820 Thermopylas.
1188 762 1354 806 Eodem
1385 767 1628 820 pertinent,
1665 777 1777 821 quae
1816 764 1868 805 de
1905 765 2140 820 leyatmum
2176 780 2206 807 α
2235 765 2476 818 Spartanis

140 837 203 881 md
229 850 371 895 reyem
398 837 630 880 mmmm
657 849 756 880 nece
783 836 883 891 Vll,
917 842 1012 893 137,
1044 844 1089 881 et
1117 837 1172 881 de
1203 838 1523 882 Decelemibus
1554 845 1785 880 narrantur
1804 838 1879 894 IX,
1897 844 1975 895 733
2006 854 2118 896 quae
2150 855 2279 897 quum
2311 840 2473 882 cohae-

142 917 269 956 reant
298 925 424 969 quam
457 913 685 969 aptissIme
714 925 810 954 cum
840 914 956 955 omni
986 915 1209 967 oratioue,
1247 911 1502 957 confirmant
1539 916 1835 956 testimonium
1862 912 2016 969 Plinii,
2056 911 2323 955 Herodotum
2355 913 2473 956 Thu·

143 987 221 1028 riis
253 989 296 1027 iu
335 983 642 1042 perficiendum
682 997 793 1041 opus
831 984 1021 1026 studium
1060 985 1315 1027 contulisse.
1376 985 1461 1026 Sed
1500 986 1722 1028 videamus
1761 988 1871 1040 jam,
1913 1001 2013 1027 num
2052 994 2174 1028 recte
2213 986 2473 1028 extendatur

141 1060 249 1102 tund
281 1060 471 1099 studium
501 1066 654 1098 contra
684 1059 943 1114 Dionysium
973 1064 1015 1099 in
1047 1074 1187 1099 annos
1217 1063 1348 1099 etiam
1378 1059 1479 1100 belli
1507 1060 1870 1113 Peloponnesiaci
1901 1068 2163 1114 postremos.
2210 1059 2473 1103 omittemus

142 1138 289 1176 autem
321 1134 445 1175 locos
474 1146 609 1190 supra
637 1133 796 1173 allatos
834 1133 888 1172 de
927 1137 1177 1173 incursione
1206 1132 1479 1173 Plataearum
1509 1132 1613 1185 Vll,
1644 1137 1752 1184 233,
1797 1140 1841 1174 et
1879 1132 1933 1175 de
1965 1148 2073 1175 nece
2102 1123 2348 1189 legatorum
2379 1128 2472 1185 Vll,

144 1212 243 1262 137,
274 1211 343 1250 eui
375 1207 672 1251 occubuerunt
701 1221 814 1248 anno
844 1207 948 1248 belli
976 1206 1170 1273 secundo
1202 1206 1575 1261 (Thuc.11,o⁷),
1621 1222 1751 1263 quum
1781 1207 1835 1249 de
1863 1208 1932 1250 his
1963 1207 2096 1250 rebus
2126 1207 2337 1250 dubitatio
2371 1219 2473 1250 esse

143 1281 263 1326 nulla
286 1284 449 1338 mpossit
489 1290 494 1293 “

256 1353 324 1396 Ac
361 1357 543 1411 primum
586 1352 756 1410 quidem
793 1353 929 1396 verba
966 1350 1153 1409 Hippiae
1188 1356 1362 1409 tyranni
1395 1352 1444 1408 V,
1473 1358 1550 1400 93:
1598 1347 1627 1410 ἦ
1664 1353 1741 1408 μὲν
1781 1354 2042 1411 Κορινθίους
2078 1354 2264 1407 μάλιστα
2304 1352 2471 1396 πάντων

142 1429 417 1484 ἐπιποθήσειν
438 1428 787 1482 Πεισιστατιθας,
819 1445 920 1470 οταν
950 1443 1030 1484 σφι
1060 1424 1199 1482 ἥκωσι
1229 1426 1385 1483 ἡμέραι
1414 1425 1460 1470 αἱ
1486 1444 1626 1484 κυριαι
1657 1427 1864 1470 ἀνιᾶσθαι
1893 1426 1959 1470 ὑπ’
1982 1426 2225 1484 Ἀθηναίων
2240 1443 2325 1471 non
2349 1432 2477 1471 recte

141 1504 247 1547 mihi
277 1506 556 1559 interpretari
585 1501 799 1556 videntur,
830 1506 903 1558 qui
935 1504 990 1543 iis
1018 1500 1179 1543 bellum
1200 1500 1618 1556 Peloponnesiacum
1649 1503 1885 1560 significari
1906 1508 2061 1559 putant
2089 1502 2284 1556 (Dahlm.
2306 1501 2468 1543 Herod.

141 1590 242 1635 pag.
275 1579 373 1630 39),
412 1578 671 1633 praesertim
701 1587 831 1632 quum
861 1578 923 1617 ita
952 1588 1048 1616 cum
1078 1574 1246 1631 reliqua
1275 1578 1472 1617 oratione
1501 1576 1788 1630 cohaereant,
1828 1582 1875 1618 ut
1905 1580 2053 1618 statim
2086 1580 2128 1617 in
2159 1574 2469 1631 componendis

140 1651 338 1694 historiis
377 1652 566 1706 scripta,
608 1663 692 1690 non
731 1654 889 1705 postea
926 1650 1186 1702 interposita
1224 1648 1465 1690 videantur.
1522 1649 1573 1690 In
1611 1664 1822 1691 summam
1853 1654 1965 1692 enim
1999 1650 2199 1692 invidiam
2233 1650 2470 1692 Athenien-

141 1726 253 1767 sium
286 1722 503 1766 Korinthii
532 1721 706 1765 adducti
736 1727 860 1776 sunt,
897 1735 1027 1777 quum
1057 1722 1119 1762 illi
1149 1720 1509 1779 Megarensibus,
1548 1723 1799 1779 quibuscum
1831 1722 2049 1765 Korinthii
2089 1723 2142 1765 de
2182 1726 2278 1780 agri
2310 1722 2467 1764 finibus

141 1798 389 1852 certabant,
419 1796 579 1855 longos
611 1809 757 1838 muros
788 1794 1026 1837 conderent
1055 1800 1100 1837 et
1130 1794 1348 1850 praesidio
1379 1796 1636 1839 obtinerent.
1697 1798 1795 1839 Καί
1817 1798 2068 1851 Κορινθίοις
2103 1797 2180 1849 μὲν
2209 1796 2284 1849 οὐχ
2316 1795 2467 1850 ἥκιστα

141 1872 223 1914 άπὸ
259 1874 379 1913 τοῦδε
416 1872 462 1912 τό
504 1871 690 1926 σφοδρὸν
723 1876 849 1922 μῖσος
889 1868 1043 1924 ἤρξατο
1089 1871 1255 1924 πρῶτον
1295 1871 1338 1919 ἐς
1364 1868 1617 1925 Ἀθηναίους
1654 1871 1851 1925 γενέσθαι
1882 1872 2040 1923 (Thuc.
2072 1870 2116 1924 I,
2161 1874 2276 1918 103).
2337 1869 2468 1912 Varia

141 1945 299 1988 deinde
339 1944 515 1986 fortuna
551 1950 672 1987 terra
711 1946 905 2000 marique
946 1948 1215 2000 pugnarunt,
1239 1931 1339 1985 ‘sed
1379 1949 1644 1998 postremum
1683 1959 1882 2002 magnam
1925 1944 2213 2006 calamitatem
2257 1942 2467 1986 Corinthii

140 2024 402 2075 acceperunt
434 2018 590 2073 (Thuc.
621 2017 665 2072 1,
706 2021 822 2072 106).
884 2017 1012 2072 Quae·
1049 2015 1166 2058 facta
1197 2022 1299 2059 sunt
1330 2020 1415 2060 458
1444 2031 1482 2059 a.
1513 2017 1638 2073 chr„
1678 2032 1763 2075 quo
1801 2023 1999 2075 tempore
2029 2017 2279 2060 Herodotus
2310 2021 2467 2060 itinera

139 2092 327 2137 nondum
358 2092 546 2147 fecerat,
577 2093 711 2135 multo
741 2097 866 2147 ante,
898 2104 1025 2148 quam
1056 2090 1246 2133 Thurios
1276 2090 1498 2147 profectus
1527 2096 1610 2135 est.

256 2165 384 2209 Alter
412 2165 558 2220 locuS,
605 2178 731 2221 quem
762 2165 971 2219 afferunt,
1011 2169 1081 2207 est
1109 2162 1190 2217 IV,
1221 2167 1301 2205 8οε
1329 2163 1401 2214 Ως
1432 2165 1475 2207 δὲ
1501 2167 1608 2218 μετὰ
1637 2166 1771 2207 ταῦτα
1801 2165 2000 2220 ἐξήλαυνε
2032 2164 2053 2207 ὅ
2085 2165 2250 2220 Σκύλης
2283 2167 2325 2216 ἐς
2357 2161 2464 2221 ηθεα

138 2241 192 2284 τά
221 2239 399 2293 ἓωῦτοῦ,
431 2238 470 2281 οἱ
501 2238 669 2281 Σκύθαι
698 2238 1035 2294 προστησάμενοι
1064 2239 1133 2280 τὸν
1164 2234 1366 2292 ἀδελφεὸν
1396 2236 1521 2281 αὐτοῦ
1545 2237 1877 2294 Ὀκταμασάδην,
1908 2238 2108 2294 γεγονότα
2141 2240 2186 2282 ἐκ
2217 2241 2293 2294 τῆς
2319 2240 2466 2296 Τήρεω

137 2315 369 2369 θυγατρός,
401 2312 668 2361 ἐπανιςτέατο
709 2313 766 2368 τῷ
796 2311 961 2368 Σκύλῃ·
1000 2311 1021 2352 ὃ
1054 2311 1098 2351 δὲ
1126 2313 1281 2363 μαθών
1316 2312 1363 2352 τό
1403 2311 1610 2364 γινόμενον
1650 2311 1712 2353 ἐπ’
1743 2310 1913 2368 εωῦτῷ,
1954 2312 2029 2354 καί
2058 2314 2134 2366 τῆν
2174 2314 2315 2366 αιτιήν
2346 2316 2390 2356 δι’
2419 2332 2470 2368 ην

138 2387 343 2440 ἓποιέετο,
375 2384 628 2443 καταφεύγει
659 2385 701 2435 ἐς
730 2385 806 2440 τῆν
841 2384 1041 2440 Θρηΐκην.
1084 2382 1317 2436 πυθόμενος
1348 2383 1392 2425 δὲ
1422 2382 1443 2425 ὁ
1471 2382 1787 2440 Ὀκταμασάδης
1817 2386 1963 2438 ταῦτα,
1997 2384 2262 2440 ἐστρατεύετο
2293 2387 2365 2428 ἐπὶ
2393 2388 2469 2441 τήν

143 2461 356 2518 Θρηΐκην·
389 2461 487 2503 ἐπεί
517 2475 560 2501 τε
600 2458 645 2501 δὲ
675 2458 747 2501 ἐπὶ
776 2459 833 2517 τῷ
860 2454 1012 2516 Ἴστρῳ
1053 2458 1232 2513 ἐγένετο,
1271 2456 1471 2511 ἠντίασάν
1504 2474 1578 2511 μιν
1617 2458 1658 2500 οἱ
1702 2458 1907 2513 Θρήϊκες·
1947 2458 2184 2512 μελλόντων
2224 2459 2268 2500 δὲ
2306 2459 2468 2503 αὐτέων

139 2533 367 2588 συνάψειν,
400 2532 561 2588 ἔπεμψε
590 2532 803 2589 Σιτάλκης
833 2533 950 2590 παρὰ
981 2535 1051 2574 τόν
1087 2531 1413 2587 Οκταμασάδην,
1445 2531 1578 2586 λέγων
1605 2532 1745 2573 τοιάδε
1776 2549 1811 2573 κ.
1843 2548 1878 2573 τ.
1911 2535 1946 2572 λ.
2008 2532 2165 2588 Neque
2195 2533 2304 2573 haec
2334 2534 2468 2577 verba

138 2613 296 2667 postea
326 2608 380 2652 ab
403 2607 625 2651 Herodoto
658 2611 920 2665 interposita
951 2619 1068 2660 esse,
1098 2605 1176 2648 sed
1207 2620 1303 2648 cum
1333 2609 1446 2647 omni
1477 2605 1529 2647 de
1553 2605 1732 2662 Scythis
1763 2609 2014 2648 narratione
2046 2611 2294 2662 conscripta
2326 2609 2468 2650 viden-

138 2689 224 2739 tur,
256 2698 382 2741 quam
414 2698 543 2741 quum
576 2686 812 2726 instituerit
842 2682 959 2725 bella
990 2681 1112 2724 Darii
1141 2684 1263 2739 regis
1293 2686 1444 2722 contra
1474 2678 1666 2722 Graecos
1698 2683 2002 2736 expositurus,
2035 2687 2155 2723 certe
2186 2697 2268 2723 non
2301 2688 2468 2726 temere

138 2762 386 2801 statuemus
416 2759 594 2811 Thuriis
632 2762 815 2815 primum
856 2770 959 2800 esse
995 2760 1173 2813 scriptis
1203 2749 1461 2798 mandatam.
1523 2754 1580 2796 At
1611 2754 1913 2796 Dahlmannus
1946 2756 2044 2797 inde
2076 2755 2191 2797 effici
2221 2763 2368 2811 putat,
2402 2757 2468 2800 Si-

137 2831 282 2874 talcen
314 2832 389 2875 illo
420 2839 641 2890 tempore,
681 2835 765 2889 quo
797 2831 871 2874 illa
912 2837 1065 2874 essent
1102 2834 1289 2887 scripta,
1328 2829 1523 2873 omnibus
1555 2835 1704 2872 notum
1736 2828 1902 2884 fuisse,
1942 2833 2014 2886 qui
2055 2829 2196 2872 factus
2228 2836 2350 2873 esset
2381 2833 2467 2874 icto

138 2918 236 2948 cum
275 2905 619 2949 Atheniensibus
658 2906 838 2949 foedere
876 2920 988 2948 anno
1028 2906 1129 2947 belli
1167 2909 1305 2961 primo
1336 2906 1500 2958 [Thuc.
1531 2905 1596 2960 11,
1635 2910 1732 2958 67).
1795 2903 1976 2946 Minime
2017 2911 2151 2946 recte.
2211 2903 2311 2946 Jam
2355 2908 2468 2946 enim

138 2977 279 3022 Tei-es
318 2986 443 3036 pater
473 2980 650 3024 Sitalcis
691 2993 877 3039 magnae
914 2979 1031 3022 illius
1070 2981 1292 3036 potentiae
1323 2973 1784 3037 Odrysarumauctor
1814 2978 1920 3031 fuit,
1961 2992 2095 3033 quare
2135 2981 2229 3033 ipse
2270 2983 2313 3018 et
2352 2976 2469 3019 filius

139 3059 321 3109 propter
351 3055 547 3099 colonias
578 3056 805 3099 Threicias
837 3054 1181 3099 Atheniensibus
1212 3054 1347 3096 multo
1378 3060 1479 3096 ante
1515 3053 1676 3097 bellum
1707 3053 2149 3108 Peloponnesiacum,
2191 3051 2314 3106 cujus
2347 3053 2469 3091 initio

139 3126 330 3171 Sitalces
357 3127 445 3197 jam
467 3129 694 3181 admodum
720 3136 931 3188 provecta
960 3134 1107 3173 aetate
1127 3128 1268 3177 fuisse
1293 3133 1469 3171 *constat
1491 3128 1568 3182 (cf.
1585 3128 1721 3171 Thac.
1738 3127 1793 3183 ΙΙ,
1816 3132 1918 3182 101)
1951 3131 2042 3170 noti
2073 3133 2225 3169 essent
2256 3127 2470 3181 oportuit3
