2769 3754
1351 239 1440 285 τε
1832 246 1878 301 3

249 386 308 417 ex
338 371 564 417 Herodoto
595 372 692 428 ipso
725 372 900 413 minime
938 373 1093 426 posset
1130 367 1373 425 conjicere,
1409 370 1557 426 patet,
1597 379 1695 411 enm
1732 366 1908 411 aliunde
1946 366 2152 412 hausisse
2191 381 2334 427 neque
2372 367 2596 424 habuisse,

251 460 365 503 quae
394 445 653 502 praeferret.
706 443 936 485 Consentit
957 442 1206 498 Pamphila,
1238 455 1293 484 ex
1323 455 1410 499 qua
1439 440 1608 483 Gellius
1626 440 1721 495 XV,
1748 445 1818 483 28.
1849 441 2000 484 affert:
2030 436 2596 498 Hellanicus,—Herod‹aeu,

254 518 553 575 Thucydides,
591 518 806 560 historiae
842 517 1085 569 scriptores
1123 517 1168 558 in
1204 515 1361 558 iisdem
1388 515 1651 569 temporibus
1675 513 1771 573 sere
1800 514 1930 574 laude
1955 515 2117 570 inperiti
2143 515 2405 572 floruerunt,
2443 520 2488 562 at
2514 527 2597 559 non

249 596 380 640 nimis
424 595 545 650 lonqe
589 589 856 635 distantibus
891 589 1070 647 fueram
1117 590 1349 633 aetatibus.
1417 589 1534 633 Nam
1569 589 1827 633 Hellanicus
1863 590 1909 632 in
1947 590 2075 632 invitia
2108 589 2207 633 belli
2241 590 2597 645 Peloponnesiaci

241 669 388 732 faisse
416 669 595 726 quinque
624 672 667 708 et
696 665 931 721 sexaqinta
959 678 1094 707 annos
1123 669 1253 707 natas
1282 663 1467 719 videtur,
1495 662 1748 706 Herodotus
1777 668 1872 706 tres
1902 667 1945 705 et
1972 663 2291 719 quinquaqinta,
2323 656 2597 720 Thucydides

247 742 552 800 quadraqinta.
598 740 824 794 Scriptum
852 739 932 780 hoc
959 739 1006 781 in
1035 739 1148 780 libro
1170 738 1242 783 XI
1264 738 1533 793 Pamphilae.
1579 737 1645 780 Ex
1675 737 1833 794 quibus
1863 736 2133 795 colligimus,
2164 737 2436 782 Herodotum
2464 739 2596 781 tertio

250 833 365 862 anno
396 823 499 859 ante
530 817 813 870 irruptionem
843 811 1006 855 Xerxis
1039 819 1186 855 natum
1216 810 1370 855 fuisse.
1430 811 1560 856 Quod
1600 810 1713 854 idem
1750 810 1913 854 bellum
1953 825 1981 854 a
2020 808 2241 867 Dionysio
2271 812 2420 856 verbls
2448 811 2614 858 allatis.

248 890 485 935 indicatum
530 900 634 932 esse
675 891 850 930 constat
891 886 974 937 (cf.
1007 885 1159 943 Heyse
1197 890 1365 942 quaest.
1398 884 1608 929 Herodot.
1640 889 1751 943 part.
1776 872 1803 928 '1
1843 897 1938 941 cap.
1970 882 2064 939 lv).
2124 882 2384 944 Kruegerus
2424 884 2596 944 quidem

250 964 305 1018 (1.
339 963 368 1007 Ι.
400 977 501 1021 pag.
533 965 598 1016 7.)
629 960 900 1018 Pamphilam
939 959 1162 1003 contendit
1201 961 1296 1001 sine
1317 958 1502 1003 ,ratione
1544 962 1590 1001 et
1619 957 1804 1001 consllio
1835 970 1909 1000 res
1939 961 1982 1000 in
2012 957 2136 1001 libris
2166 961 2262 1001 suis
2292 962 2595 1019 congessisse,

250 1054 393 1096 neque
426 1041 602 1081 omnino
634 1037 861 1080 mulierum
900 1038 1102 1091 opinatur
1132 1047 1235 1077 esse
1272 1038 1517 1089 temporum
1555 1035 1925 1090 computationes,
1964 1038 2155 1076 attamen
2195 1036 2291 1077 sine
2328 1037 2499 1078 ratione
2534 1036 2596 1078 ita
2630 1066 2632 1068 ψ

250 1111 485 1171 scrupulos
517 1110 800 1154 dubitationis
833 1108 1014 1167 injicere
1046 1121 1130 1150 non
1155 1108 1278 1165 licet,
1312 1119 1453 1167 neque
1484 1119 1728 1151 consensus
1749 1106 1954 1166 Dionysii
1982 1107 2053 1150 hic
2084 1119 2170 1149 non
2201 1111 2347 1168 magni
2370 1107 2596 1154 habendas

252 1191 337 1231 est.
390 1186 603 1243 Adjiciam
634 1184 770 1227 verba
802 1187 931 1226 etiam
956 1176 1202 1224 Marcellini
1233 1186 1462 1240 scriptoris
1492 1185 1610 1224 vitae
1631 1182 1914 1239 Thucydidis,
1945 1194 2057 1239 quae
2088 1188 2191 1221 sunt
2221 1185 2260 1234 §.
2292 1188 2368 1224 54:
2399 1185 2596 1241 φαίνεται

254 1259 300 1304 δὲ
339 1257 392 1314 (ὃ
438 1257 730 1314 Θουκυδίδης)
772 1256 844 1300 ἐπί
880 1258 965 1299 τῶν
999 1255 1222 1314 “Ηοοὸότου
1255 1255 1428 1313 χρόνων
1456 1254 1687 1312 γενόμενος,
1727 1255 1807 1311 εἴγε
1845 1254 1868 1298 ὅ
1897 1256 1976 1310 μὲν
2009 1255 2238 1312 Ὴοόὸοτος
2275 1257 2486 1314 μέμνηται
2520 1258 2597 1314 τῆς

260 1334 523 1387 Θουκυδιῖῖης
555 1333 600 1374 ἐν
628 1333 680 1388 τῇ
713 1332 898 1387 δευτέοα.
961 1332 1087 1373 Quae
1119 1330 1287 1387 quidem
1320 1322 1454 1372 verba
1483 1329 1716 1371 manifesto
1748 1328 2007 1383 ostendunt,
2046 1328 2328 1384 Marcellino,
2369 1344 2450 1372 seu
2481 1333 2596 1387 quis·

255 1409 352 1464 quis
383 1406 457 1447 ille
489 1408 678 1461 scriptor
708 1405 812 1459 fuit,
854 1409 896 1446 in
930 1412 1119 1446 mentem
1153 1407 1328 1445 venisse
1358 1404 1443 1444 loci
1473 1403 1712 1456 Herodoti,
1745 1415 1873 1458 quem
1912 1403 2096 1444 eundem
2136 1417 2271 1459 supra
2300 1404 2595 1458 indicavimus,
2655 1397 2661 1401 ’

254 1484 300 1521 at
331 1484 452 1520 certe
484 1491 569 1519 non
601 1480 724 1534 parvi
753 1477 925 1521 videtur
955 1480 1183 1531 momenti,
1215 1478 1319 1519 nihil
1350 1490 1450 1520 eum
1481 1490 1642 1519 causae
1674 1476 1904 1531 habuisse,
1935 1477 2213 1533 quamobrem
2246 1483 2428 1520 mortem
2460 1476 2597 1519 Hero·

255 1552 345 1596 doti
375 1555 418 1594 in
450 1555 674 1609 posterius
705 1558 877 1608 tempus
909 1552 1142 1608 proferret,
1175 1567 1303 1608 quum
1335 1556 1524 1608 scriptor
1552 1555 1671 1595 vitae
1692 1551 1957 1608 Thucydidis
1990 1566 2073 1594 non
2104 1557 2260 1607 posset
2291 1552 2462 1608 facere,
2493 1556 2597 1609 quin

255 1631 297 1670 in
331 1626 603 1669 Herodotum
637 1629 766 1669 etiam
798 1629 1049 1682 inquireret.
1112 1625 1237 1669 Quod
1269 1626 1456 1682 denique
1485 1625 1654 1668 Plinius
1685 1625 1808 1678 (hist.
1841 1631 1926 1667 nat.
1958 1624 2055 1680 Xll,
2088 1630 2150 1679 4.)
2182 1625 2452 1669 Herodotum
2483 1641 2597 1670 anno

254 1701 377 1744 urbis
407 1703 718 1743 trecentesimo
751 1698 916 1743 decimo
950 1700 1159 1742 historias
1189 1699 1364 1742 Thuriis
1404 1698 1653 1742 condidisse
1693 1705 1927 1755 memorat,
1969 1699 2162 1744 fortasse
2201 1700 2354 1744 eodem
2395 1704 2595 1758 pertinet.

255 1775 335 1818 lllo
368 1777 480 1817 enim
513 1788 642 1829 anno,
674 1776 746 1830 qui
777 1779 848 1815 est
878 1780 1060 1830 quartus
1093 1773 1285 1815 decimus
1316 1778 1418 1815 ante
1449 1772 1610 1815 bellum
1642 1772 2078 1830 Peloponnesiacum,
2111 1774 2282 1817 colonia
2312 1774 2497 1818 deducta
2527 1780 2598 1818 est

255 1848 461 1903 ThurioS,
495 1850 814 1904 comitatusque
847 1853 917 1890 est
949 1847 1222 1902 Herodotus,
1255 1860 1390 1904 quare
1422 1861 1664 1904 quanquam
1697 1850 1834 1890 nescii
1864 1862 2042 1903 sumus,
2074 1863 2159 1905 quo
2190 1855 2370 1893 auctore
2401 1864 2509 1893 usus
2539 1853 2597 1894 sit

255 1923 445 1978 Plinius,
484 1928 631 1965 tamen
670 1922 785 1964 hunc
824 1934 996 1978 quoque
1030 1936 1114 1963 non
1148 1921 1325 1963 obstare
1356 1921 1576 1976 videmuS,
1615 1924 1722 1979 quin·
1750 1922 2064 1965 contendamus
2103 1936 2163 1965 ex·
2190 1928 2380 1966 veterum
2415 1925 2598 1968 maniam

255 1998 449 2052 opinione
469 1996 741 2039 Herodotum
769 1996 903 2038 vitam
933 2009 1141 2038 summam
1170 2008 1438 2051 propagasse
1466 1995 1527 2037 ad
1554 1997 1720 2049 primos
1748 1996 1883 2039 annos
1913 1997 2011 2039 belli
2030 1996 2401 2053 Peloponnesiaci,
2439 2002 2597 2056 quippe

256 2086 438 2129 quorum
469 2085 543 2113 res
576 2074 672 2128 ipse
703 2074 745 2112 in
778 2070 973 2112 historiis
1005 2073 1099 2111 suis
1130 2073 1445 2112 memoraverit.

372 2147 633 2203 Priusquam
676 2159 805 2200 vero,
847 2159 959 2202 quae
1000 2159 1053 2187 ex
1096 2144 1318 2187 Herodoto
1358 2149 1455 2201 ipso
1498 2158 1526 2187 a
1565 2144 1822 2202 quibusdam
1863 2147 2113 2188 auctoritati
2151 2145 2356 2203 Dionysii
2395 2149 2597 2203 opposita

253 2225 359 2275 sint,
392 2220 634 2274 audiamus,
665 2234 806 2275 pauca
837 2221 938 2261 mihi
970 2218 1231 2275 disputanda
1261 2226 1362 2261 sunt
1394 2210 1447 2261 d'e
1477 2223 1648 2262 ratione
1680 2224 1966 2277 institutoque
1997 2221 2109 2276 ejus,
2141 2237 2226 2277 quo
2257 2225 2299 2264 in
2322 2222 2596 2277 perficiendis

256 2298 452 2339 historiis
484 2309 591 2337 usus
623 2308 759 2352 saepe
791 2295 933 2337 medio
973 2298 1016 2336 in
1059 2309 1189 2336 cursu
1220 2298 1480 2337 narrationis
1518 2308 1568 2337 se
1609 2294 1740 2337 rebus
1780 2295 1935 2337 alienis
1967 2296 2354 2339 commemorandis
2386 2310 2412 2338 a
2442 2310 2597 2352 propo-

256 2374 342 2412 sito
375 2372 573 2412 revocari
604 2368 735 2410 facile
766 2372 941 2424 patitur.
1003 2369 1160 2424 Neque
1191 2370 1470 2424 persuadebit
1502 2370 1627 2411 nobis
1656 2348 1976 2424 Dahlmannus,
2009 2385 2106 2413 eum
2139 2375 2179 2413 in
2211 2372 2280 2413 his
2312 2371 2597 2429 digressioni-

256 2445 338 2486 bus
378 2446 510 2484 etiam
551 2444 821 2497 sapientiore
863 2442 1044 2483 consilio
1085 2442 1302 2484 declinare
1333 2437 1492 2495 videri,
1534 2456 1660 2497 quam
1700 2446 1840 2497 ipsum
1872 2443 2167 2499 Thucydidem
2200 2444 2402 2496 (Dahlm.
2434 2445 2595 2490 Herod.

255 2532 357 2576 pag.
390 2522 472 2558 214
506 2521 638 2573 sqq.).
704 2514 874 2557 Afferre
904 2518 1016 2558 enim
1048 2530 1224 2571 possum
1257 2515 1407 2572 plures
1439 2530 1511 2558 res
1543 2518 1585 2557 in
1618 2516 1815 2558 historiis
1847 2522 2131 2571 memoratas,
2163 2533 2274 2575 quae
2305 2518 2405 2575 quid
2435 2519 2598 2565 faciant

257 2592 311 2634 ad
343 2604 554 2633 summam
588 2604 672 2632 non
705 2590 944 2646 intelligeS,
977 2604 1171 2646 quasque
1201 2604 1228 2632 a
1258 2593 1503 2632 recentiore
1535 2588 1719 2646 quodam
1750 2593 2035 2646 interpositas
2067 2605 2170 2634 esse
2202 2607 2285 2634 non
2318 2591 2471 2635 eodem
2495 2593 2598 2650 jure

257 2664 523 2718 contendes,
555 2661 934 2720 quo'studuerunt
965 2662 1005 2718 I,
1040 2669 1106 2706 12.
1140 2689 1191 2695 —-
1222 2663 1465 2721 Praecipue
1496 2666 1609 2708 enim
1641 2671 1756 2708 amat
1788 2668 2088 2722 interponere,
2120 2680 2232 2723 quae
2260 2665 2320 2709 ati
2350 2680 2597 2722 comparan-

257 2739 338 2783 dos
368 2752 511 2782 mores
542 2743 585 2781 et
612 2738 841 2795 religiones
873 2741 1116 2794 pertinent,
1159 2744 1205 2782 ut
1233 2737 1276 2794 1,
1310 2743 1389 2782 199
1431 2743 1631 2796 exposito
1664 2739 1782 2783 cultu
1816 2739 1999 2783 Veneris
2029 2740 2243 2798 Assyriae
2274 2739 2419 2797 ἐνιαχῆ
2449 2741 2493 2785 δὲ
2523 2741 2599 2786 καὶ

257 2816 335 2870 τῆς
366 2814 547 2870 Κύπρου
578 2814 670 2856 ἐστι’
700 2813 1000 2870 παραπλήσιος
1030 2813 1161 2871 τούτῳ
1191 2812 1317 2867 νόμος
1348 2815 1401 2857 cf.
1432 2813 1476 2870 Ι,
1497 2819 1599 2871 196;
1630 2814 1690 2869 Il,
1715 2819 1798 2859 167
1818 2822 1900 2859 etc.
1948 2815 2117 2859 Similia
2146 2821 2262 2871 sunt,
2292 2830 2404 2873 quae
2420 2816 2495 2873 ΠΙ,
2515 2822 2595 2863 131

260 2887 542 2945 adjlcluntur:
574 2886 734 2943 ἐγένετο
764 2888 843 2945 γάρ
877 2882 935 2930 ὦν
964 2889 1108 2937 τοῦτο,
1142 2885 1207 2930 ὅτε
1238 2889 1400 2944 πρῶτοι
1429 2889 1507 2943 μὲν
1536 2890 1832 2946 Κροτωνιῆται
1875 2890 2017 2946 ἰητροὶ
2053 2889 2246 2946 ἐλέγοντο
2286 2888 2366 2933 dvo}
2410 2892 2486 2948 τῆν
2511 2890 2597 2936 Ἑλ-

262 2962 373 3006 λάδα
406 2959 536 3004 εἶναι·
578 2961 759 3018 δεύτεροι
789 2963 832 3004 δὲ
864 2963 1120 3019 Κυρηνᾶιοι·
1153 2964 1286 3005 κατὰ
1330 2964 1420 3006 τόν
1460 2962 1619 3007 αὐτᾶν
1665 2963 1719 3006 δὲ
1756 2963 1952 3020 χρόνον
1994 2954 2086 3008 acal
2123 2964 2361 3020 Ἀργεῖοι
2406 2965 2599 3022 ἤκουον

259 3038 528 3091 μουσικῆν
559 3032 698 3078 εἶναι
724 3034 983 3092 Ἑλλήνων
1013 3038 1222 3092 πριότοι.
1270 3036 1360 3079 Aut
1391 3043 1613 3094 comparat
1642 3039 1935 3092 proprietates
1965 3039 2174 3094 locorum,
2206 3045 2253 3082 ut
2269 3038 2341 3094 lV,
2362 3044 2431 3095 30,
2463 3055 2599 3098 quare

261 3115 392 3155 etiam
424 3111 574 3167 adjicit
604 3111 846 3167 προςθὴκας
875 3112 953 3167 γὰρ
986 3110 1036 3167 δή
1066 3128 1139 3164 μοι
1170 3109 1190 3153 ὁ
1221 3111 1344 3166 λόγος
1376 3112 1418 3162 ἐξ
1449 3110 1580 3168 ἀρχῆς
1618 3112 1808 3166 ἑδιζητο,·
1839 3118 1914 3171 aut
1945 3112 2074 3156 docet
2105 3127 2194 3156 rem
2228 3114 2438 3170 quandam
2469 3116 2600 3158 etiam

261 3199 344 3230 saa
372 3191 516 3229 aetate
546 3184 689 3228 eodem
713 3183 857 3246 faisse
886 3191 1030 3241 statu,
1061 3190 1140 3228 aut
1169 3191 1378 3229 mutatam
1407 3199 1524 3241 esse,
1564 3192 1612 3230 ut
1643 3187 1685 3242 1,
1720 3191 1823 3243 1673
1864 3186 1936 3243 lv,
1971 3193 2075 3244 1493
2116 3191 2302 3231 maxime
2343 3195 2487 3232 autem
2524 3202 2599 3233 res

262 3259 536 3317 explicantur
566 3260 638 3305 vel
668 3261 923 3316 afferuntur,
954 3262 1110 3318 quibus
1142 3261 1238 3305 loca
1267 3254 1553 3319 hominesque
1582 3261 1796 3318 illustret,
1825 3263 1898 3320 qai
1926 3264 1971 3307 in
2000 3264 2122 3307 bellis
2154 3263 2419 3307 Graecorum
2447 3264 2599 3307 barba-
