2769 3754
465 615 573 660 DE*
603 586 962 672 TEMPORE,
1009 615 1148 662 QUO
1196 613 1629 666 nERono'rUs
1677 614 1977 661 MORTEM
2027 614 2233 661 OBIIT.

172 741 499 821 Herodotum,
529 770 697 822 patrem
727 764 959 821 historiae,
982 762 1064 809 'alii
1093 778 1236 824 usque
1266 764 1321 808 ad
1351 767 1511 822 primos
1542 778 1682 808 annos
1711 765 1804 808 billi
1831 765 2193 822 Peloponnesiaci
2224 768 2405 820 vixisse,
2436 766 2511 809 alii

170 841 271 898 plus
301 842 456 896 viginti
485 842 610 882 annis
633 825 742 895 'post
770 845 984 883 mortuum
1016 841 1119 883 esse
1149 838 1437 894 contendunt,
1477 854 1603 897 quam
1633 838 1930 882 diversitatem
1970 853 2056 881 non
2095 838 2225 881 facile
2256 841 2511 900 suspicatus

172 913 310 957 fueris
340 915 384 955 in
415 925 561 957 rerum
591 915 828 968 scriptore,
858 926 966 970 quas
996 919 1072 957 aut
1100 913 1266 957 vidisse
1295 918 1372 955 aut
1401 912 1577 956 audisse
1606 925 1658 955 se
1688 915 1784 968 ipse
1815 912 2015 954 affirmat.
2076 911 2221 968 Atque
2253 928 2337 969 quo
2370 916 2511 972 magis

133 980 319 1029 *mirari
347 987 518 1042 possis,
557 998 643 1028 non
683 984 778 1028 fere
818 989 1045 1042 quisquam
1075 987 1160 1029 fuit
1198 999 1270 1029 ex.
1289 986 1625 1041 recentioribus,
1666 988 1740 1042 qui
1779 985 2000 1027 historicis
2033 984 2213 1027 Graecis
2253 985 2325 1028 vel
2366 999 2510 1028 emen-

170 1058 324 1110 dandis
354 1058 426 1102 vel
456 1057 724 1115 explicandis
750 1059 900 1115 ,studia
918 1059 1255 1117 impenderunt,
1296 1063 1397 1117 quin
1428 1063 1556 1103 etiam
1588 1059 1643 1102 de
1673 1062 1798 1103 annis
1828 1058 2042 1107 Herodoti
2084 1058 2391 1117 disputandum
2421 1059 2506 1103 sibi

170 1145 273 1176 esse
304 1135 521 1175 statuerit.
581 1131 794 1175 Nimirum
834 1133 955 1176 multi
984 1148 1077 1178 rem
1107 1137 1391 1193 attigerunt„
1413 1147 1557 1189 nemo,
1599 1133 1713 1191 quod
1743 1137 1903 1189 sciam,
1949 1134 2162 1190 perfecit,
2202 1139 2247 1176 et
2278 1137 2509 1176 maximam

168 1214 335 1265 partem
368 1207 493 1249 uobis
524 1213 569 1250 et
599 1207 792 1251 fortasse
823 1212 950 1252 etiam
983 1210 1069 1252 sibi
1099 1209 1368 1253 satisfecisse
1397 1208 1616 1263 videntur,
1654 1214 1724 1262 ut,
1762 1212 1837 1265 qui
1877 1223 2014 1264 nuper
2044 1209 2161 1251 illius
2193 1222 2330 1265 opera
2360 1208 2508 1263 edidit,

166 1282 406 1337 Baehrius,
437 1285 476 1325 si
506 1282 739 1338 afferrent,
770 1296 881 1340 quae
912 1290 1012 1341 post
1032 1284 1297 1327 Bouherium
1316 1283 1751 1342 Wesselingiumque
1771 1282 2069 1325 Dahlmannus
2100 1282 2347 1337 docuisset,
2380 1286 2508 1338 eique

165 1355 332 1399 malunt
362 1360 665 1413 acquiescere,
697 1370 824 1414 quam
854 1360 1025 1400 veriora
1054 1361 1286 1415 inquirere.
1345 1357 1489 1399 Multo
1519 1357 1839 1399 consideratius
1868 1370 1960 1397 rem
1990 1360 2192 1398 tractavit
2222 1371 2335 1398 uuus
2366 1356 2507 1398 Krue·

164 1443 300 1488 gerus
339 1433 382 1471 in
412 1430 543 1484 libro,
584 1444 711 1486 quem
752 1430 806 1472 de
844 1434 934 1473 vita
963 1431 1229 1487 Thucydidis
1269 1435 1470 1487 scripsit,
1512 1445 1770 1487 quamquam
1798 1431 1894 1487 {non
1935 1434 1989 1471 iis
2028 1444 2203 1486 semper
2241 1433 2505 1472 sententiam

162 1515 287 1544 suam
318 1505 588 1559 argumentis
626 1493 731 1544 mihi
762 1507 953 1546 munIsse
984 1504 1176 1559 videtur,
1215 1505 1370 1559 quibus
1410 1508 1563 1560 potuit.
1624 1505 1751 1547 Quae
1791 1508 1830 1545 si
1870 1517 1983 1545 nunc
2020 1501 2240 1558 proferam
2282 1502 2504 1559 aliquanto

163 1574 376 1628 firmiora,
417 1581 465 1616 ut
496 1575 694 1631 equidem
726 1582 855 1632 puto,
896 1577 1072 1621 fortuna
1101 1578 1285 1634 quadam
1314 1578 1476 1621 factum
1506 1584 1597 1633 est,
1639 1591 1724 1634 qua
1752 1581 1794 1619 in
1814 1591 1959 1634 ,reges
1991 1576 2310 1633 Aegyptiorum
2342 1590 2369 1617 a
2398 1574 2503 1618 Per-

162 1653 309 1690 sarum
347 1651 528 1705 imperio
559 1648 813 1693 deficientes
843 1653 1064 1707 inquirens
1104 1653 1313 1709 cognovi,
1351 1666 1477 1708 quem
1506 1651 1791 1707 Amyrtaeum
1822 1650 2144 1708 Aegyptiorum
2183 1663 2334 1708 regem
2374 1649 2506 1693 affert

162 1720 426 1773 Herodotus,
458 1735 557 1765 eum
586 1719 700 1765 falso
732 1726 968 1780 permutari
998 1738 1093 1766 cum
1115 1723 1371 1782 Amyrtaeo,
1392 1739 1527 1782 ‚quem
1551 1724 1762 1768 Manetho
1784 1724 1897 1781 apud
1917 1724 2154 1766 Eusebium
2180 1729 2225 1767 et
2247 1724 2500 1781 Syncellum

159 1799 273 1840 luter
301 1809 435 1855 reges
475 1803 701 1840 enumerat
732 1796 994 1856 Aegyptios.
1056 1798 1155 1841 Qua
1194 1812 1243 1841 re
1281 1805 1514 1856 perspecta
1553 1798 1607 1842 de
1646 1802 1771 1841 annis
1811 1798 2023 1841 Herodoti
2061 1812 2274 1855 quaerere
2314 1801 2520 1854 institui,-

152 1870 245 1926 jam
276 1876 407 1915 antea
444 1871 680 1916 arbitratus
712 1871 915 1929 Dionysii
947 1871 1352 1916 Halicarnassensis
1390 1876 1683 1915 testimonium
1721 1872 1859 1929 pluris
1897 1872 2155 1929 putandum,
2197 1885 2325 1928 quam
2364 1872 2499 1915 Dabl-

158 1947 302 1988 manni
341 1944 610 2003 aliorumque
648 1945 946 2001 conjecturas,
993 1959 1135 2003 neque
1171 1945 1365 1989 dubitavi
1402 1950 1661 1990 sententiam
1703 1960 1844 1990 meam
1885 1949 2062 2003 scriptis
2112 1945 2341 2000 mandare,
2392 1944 2500 1990 Nie-

157 2017 399 2075 buhrioque
429 2018 480 2062 V.
512 2018 575 2062 Cl.
607 2019 747 2077 deque
777 2034 846 2063 me
876 2023 1039 2076 optime
1070 2024 1223 2064 merito
1262 2021 1420 2064 abhinc
1450 2026 1549 2063 octo
1591 2024 1717 2063 annis
1758 2020 1952 2076 tradere,
1992 2026 2064 2075 ut,
2104 2024 2143 2062 si
2182 2020 2410 2078 probaret,
2453 2023 2498 2063 in

157 2090 387 2136 annalibus
426 2107 453 2136 a
491 2107 542 2136 se
579 2097 823 2150 procuratis
862 2094 1005 2137 locum
1045 2093 1183 2137 daret.
1244 2094 1387 2138 Quam
1427 2106 1516 2137 rem
1538 2094 1651 2138 ,fieri
1688 2100 1868 2151 propter
1905 2099 2087 2135 mortem
2118 2096 2199 2135 viri
2230 2096 2380 2150 optimi
2409 2107 2497 2150 ηομ

157 2165 298 2221 licuit,
339 2166 453 2209 unde
484 2166 645 2209 factum
678 2173 769 2223 est,
807 2173 878 2223 ut,
918 2182 1173 2225 quamquam
1203 2170 1297 2211 viro
1336 2168 1586 2213 doctissimo
1627 2171 1889 2210 sententiam
1922 2180 2063 2208 meam
2093 2166 2321 2222 probatam
2351 2166 2498 2211 fuisse

156 2239 415 2298 gauderem,
455 2246 600 2303 tamen
631 2256 760 2298 quum
790 2241 1017 2298 Amyrtaei
1047 2240 1100 2284 ab
1131 2241 1356 2285 Herodoto
1387 2244 1613 2285 memorati
1649 2247 1822 2297 tempus
1862 2241 2034 2296 aliaque
2066 2239 2160 2294 jam
2198 2241 2241 2281 in
2273 2240 2414 2281 libello
2443 2238 2498 2282 de

155 2313 394 2356 mnditiom
422 2314 609 2370 Aegypti
638 2317 717 2358 sub
746 2317 926 2370 imperio
954 2315 1198 2358 Persarum
1236 2315 1365 2372 paulo
1404 2321 1505 2372 post
1541 2314 1658 2357 edito
1696 2321 1818 2357 recte
1856 2316 2144 2356 constituisse
2175 2314 2278 2355 mihi
2308 2312 2496 2368 viderer,

155 2386 251 2430 aliis
292 2400 360 2430 me
398 2387 554 2433 deinde
593 2390 749 2432 studiis
791 2390 977 2433 detineri
1016 2397 1191 2448 paterer
1231 2395 1276 2432 et
1314 2390 1396 2432 hac
1425 2389 1594 2431 demum
1635 2376 1870 2431 occasione
1910 2387 2081 2441 oblata,
2123 2401 2253 2444 quum
2295 2389 2496 2430 examina

154 2459 381 2518 Gymnasii
413 2450 552 2505 nostri
582 2463 810 2507 indicenda
839 2470 1005 2519 essent,
1036 2478 1301 2508 revocarem.
1361 2462 1585 2522 Ingrediar
1615 2469 1759 2505 autem
1789 2466 1832 2504 in
1863 2463 1975 2504 hanc
2006 2464 2306 2519 quaestionem
2339 2474 2394 2503 ea
2422 2464 2495 2503 via

154 2538 287 2589 atque
317 2538 502 2589 ratione,
532 2541 582 2577 ut
611 2551 723 2592 quae
754 2543 951 2580 veterum
981 2538 1116 2581 fuerit
1147 2542 1293 2595 opinio
1325 2537 1379 2580 de
1409 2544 1618 2594 tempore,
1649 2552 1733 2593 quo
1760 2536 2013 2579 Herodotus
2044 2539 2222 2589 vixerit,
2255 2535 2491 2591 explicem;

154 2595 265 2661 quae
294 2599 485 2650 si‘certa
514 2608 667 2662 fuerit,
709 2615 800 2652 tum
829 2611 977 2653 licebit
1005 2611 1176 2666 videre,
1215 2612 1371 2669 quibus
1401 2615 1670 2669 argumentis
1708 2614 1799 2655 nixi
1829 2611 1931 2653 illos
1972 2609 2116 2653 falsos
2153 2608 2294 2652 fuisse
2332 2607 2494 2651 docere

152 2677 400 2722 studuerint
426 2686 709 2725 recentiores.

269 2752 537 2810 Scriptorem
567 2757 778 2799 habemus
816 2772 985 2800 summa
1021 2763 1282 2802 auctoritate
1312 2759 1569 2816 Dionysium
1600 2758 2063 2811 Halicarnassensem,
2103 2756 2228 2811 cujus
2273 2754 2409 2800 verba
2446 2758 2491 2798 in

151 2824 327 2869 audicio
359 2828 413 2871 de
444 2829 697 2887 Thucydide
727 2825 820 2887 cap.
853 2838 893 2875 5.
925 2839 1028 2876 sunt
1056 2835 1186 2877 haec:
1227 2835 1250 2877 ὁ
1281 2836 1326 2877 δὲ
1351 2836 1707 2899 ᾉλικιιρνασσεῦς
1731 2832 1958 2888 Ἡρόδοτος
1987 2831 2198 2887 γενόμενος
2229 2828 2354 2888 ὀλίγῳ
2385 2830 2491 2886 πρό-

151 2913 269 2957 τερον
297 2901 380 2946 τῶν
410 2904 638 2961 Περσικῶν
666 2906 938 2962 παρεκτεινας
967 2906 1012 2952 δὲ
1038 2908 1165 2966 μέχρι
1193 2908 1278 2953 τῶν
1307 2909 1721 2965 Πελοποννησιακῶν.
1775 2906 1958 2950 Plenum
1989 2911 2109 2949 certe
2140 2910 2185 2948 et
2215 2904 2489 2965 praeclarum

150 2975 471 3033 testimonium,
502 2980 571 3023 cui
601 2979 685 3024 hoc
714 2983 881 3026 tantum
912 2993 1136 3040 opponere
1164 2984 1356 3040 poteris,
1387 2982 1668 3041 Dionysium,
1700 2985 1772 3041 qui
1801 2981 2073 3024 Herodotum
2103 2981 2280 3023 assidue
2310 2980 2488 3039 legerit,

150 3058 280 3104 quum
310 3047 399 3093 alia
427 3049 621 3097 fortasse
651 3066 735 3098 non
767 3054 1036 3111 observaret,
1068 3068 1121 3099 ea
1150 3058 1357 3115 ignorare
1387 3071 1472 3101 non
1503 3060 1714 3115 potuisse,
1745 3070 1857 3116 quae
1889 3057 1964 3100 ille
1995 3056 2049 3098 de
2075 3057 2218 3099 subita
2239 3057 2487 3095 incursione

151 3131 178 3162 a
207 3118 427 3167 Thebanis
458 3127 502 3168 in
532 3125 740 3173 Plataeas
769 3127 888 3174 facta
916 3128 1185 3176 tradidisset.
1246 3127 1336 3176 Se'd
1365 3144 1517 3191 quum,
1555 3144 1668 3191 quae
1698 3130 1753 3176 de
1782 3145 1894 3176 anno
1926 3133 2058 3175 etiam
2087 3130 2220 3174 natali
2249 3129 2484 3188 significet,

1997 3210 2021 3253 1
