2769 3754
1370 184 1405 231 4

189 327 351 373 ‚neque
380 326 436 358 ex
467 312 715 357 nominibus
744 315 808 357 ita
836 314 1089 356 memoratis
1120 313 1294 356 omniuo
1325 311 1366 356 id
1397 311 1546 371 colligi
1578 313 1753 370 potest,
1789 323 1920 370 quum
1958 310 2047 355 alia
2082 308 2238 355 eodem
2257 309 2407 356 amodo
2428 300 2554 376 ἡαὖόἑ

206 394 372 442 rantur,
403 393 452 430 ut
484 386 535 442 V,
569 391 638 442 17,
670 387 744 430 ubi
775 388 912 445 legati
943 385 1144 429 dicuntur
1172 399 1200 428 a
1228 385 1381 430 Persis
1412 388 1533 429 missi
1563 398 1669 430 esse
1697 384 1787 443 παῤ
1813 384 2091 441 Ἀμύντην,
2132 385 2370 442 αἰτήσοντες
2399 388 2481 443 γῆν
2509 401 2553 433 τι

204 462 282 506 καὶ
318 462 436 517 ὕδωρ
477 461 646 520 Δαρείῳ
685 461 869 515 βασιλέϊ.
931 459 1070 516 Cujus
1110 458 1330 516 Amyntae
1376 459 1511 503 filium
1555 458 1876 515 Alexandrum,
1924 473 2167 519 quanquam
2217 458 2260 503 ei
2287 478 2290 480 ·
2313 460 2550 517 hospitium

205 535 426 594 publicum
470 550 569 579 cum
613 533 957 579 Atheniensibus
989 538 1138 590 esset,
1184 537 1330 578 tamen
1363 533 1476 578 infra
1512 537 1707 580 nominat
1744 536 1818 579 τόν
1851 533 2062 590 Ἀμύντεω
2106 532 2279 590 ἅνδραω
2312 529 2551 581 Μακεδόνα

200 609 337 665 (vill,
374 614 495 665 136).
555 608 741 653 Maximi
772 613 919 652 autem
951 609 1159 651 momenti
1188 613 1274 663 est,
1306 607 1420 666 quod
1450 607 1704 653 Herodotus
1734 607 1790 653 de
1818 607 2076 653 florentibus
2104 606 2549 666 rebm'Odwsmn,

198 697 313 741 quae
345 684 492 726 subito
534 669 841 740 comparentes
880 685 1014 725 tertio
1054 695 1168 727 anno
1209 682 1313 726 belli
1353 686 1576 741 ingentem
1620 687 1834 729 terrorem
1870 683 2080 726 finitimus
2123 681 2412 739 omnibusque
2452 681 2549 727 fero

198 759 381 802 Graecis
412 758 655 801 attulerunt
697 757 856 813 (Thuc.
888 756 953 812 11,
998 746 1123 812 101)’,
1166 757 1272 800 nihil
1303 760 1514 813 comperti
1541 755 1752 800 habuisse
1780 756 1978 811 videtur,
2016 770 2146 814 quum
2185 759 2227 799 in
2259 755 2547 800 describenda

195 831 320 875 Darii
357 835 400 874 in
444 832 636 888 Scythas
677 831 958 889 expeditione
997 829 1246 875 narratione
1286 834 1487 875 instituta
1530 829 1583 873 de
1626 828 1845 874 Thracum
1887 831 2062 888 populis
2104 830 2381 888 moribusque
2422 836 2545 875 certe

196 906 296 949 illos
328 921 413 949 non
447 910 591 950 minus
623 921 750 964 quam
784 906 943 962 Getas,
983 921 1093 964 qiias
1133 920 1186 948 ex
1227 906 1426 948 omnibus
1465 905 1731 949 fortissimos
1764 918 1868 948 esse
1898 904 2030 949 tradit
2060 904 2155 961 (lv,
2184 908 2286 960 93),
2333 918 2544 948 memora·

195 982 347 1023 visset.
410 980 498 1023 Sed
532 980 676 1023 obiter
705 987 873 1023 tantum
905 995 1060 1023 nomen
1093 994 1243 1022 eorum
1273 983 1462 1023 occurrit
1493 979 1587 1036 (lv,
1616 984 1710 1034 92).
2012 976 2014 978 ’

310 1053 382 1096 Ne
404 1052 505 1110 quid
539 1057 898 1110 praetermittam,
930 1052 1043 1110 quod
1073 1056 1323 1097 testimonio
1347 1053 1551 1111 Dionysii
1581 1065 1804 1111 opponere
1834 1051 2096 1097 studuerunt
2126 1056 2413 1108 recentiores,
2447 1052 2545 1098 bre-

194 1129 311 1170 viter
342 1130 474 1170 etiam
506 1133 600 1170 tres
632 1125 846 1170 Herodoti
888 1126 1010 1169 locos
1042 1130 1278 1185 attingam,
1316 1128 1475 1186 quibus
1514 1140 1588 1171 res
1629 1132 1895 1171 memoratas
1933 1136 2038 1171 esse
2068 1126 2369 1171 Dahlmaunus
2400 1128 2458 1182 (Ι.
2490 1127 2543 1183 1.)

195 1199 433 1246 arbitratur
471 1202 602 1254 paulo
641 1208 744 1244 ante
784 1208 968 1244 mortem
1001 1202 1261 1246 Artaxerxis
1301 1207 1422 1261 regis
1461 1208 1627 1261 gestas·
1688 1201 1830 1245 Quem
1872 1208 2086 1244 mortuum
2119 1214 2222 1244 esse
2253 1208 2427 1245 constat
2457 1206 2543 1246 424

195 1288 234 1318 a.
271 1275 371 1317 Chr.
433 1275 606 1317 Primus
639 1288 693 1317 ex
725 1275 815 1317 illis
847 1282 918 1318 est
949 1275 1049 1330 VII,
1086 1280 1179 1329 151,
1212 1275 1285 1320 ubi
1317 1277 1493 1334 legatos
1523 1276 1858 1318 Atheniensium
1890 1274 2037 1317 multis
2067 1277 2193 1317 annis
2222 1281 2323 1331 post
2353 1288 2544 1333 pugnam

196 1350 475 1394 Salaminiam
501 1349 628 1391 Susis
660 1348 801 1391 fuisse
834 1358 995 1403 narrat,
1028 1349 1151 1404 cujus
1183 1349 1419 1408 legationis
1450 1352 1687 1405 principem
1718 1347 1859 1408 locum
1882 1347 2064 1390 Calliam
2095 1351 2307 1390 tenuisse.
2356 1347 2542 1405 Adjicit:

190 1424 395 1485 Ἀργειρυς
435 1423 481 1464 δὲ
510 1424 582 1464 τὸν
614 1421 743 1464 αὐτὸν
774 1424 922 1465 τοῦτον
947 1423 1101 1479 χρόνον
1131 1423 1383 1476 πέμψαντας
1415 1422 1489 1464 καί
1518 1421 1691 1471 τούτους
1722 1422 1765 1471 ἐς
1794 1423 1941 1464 Σοῦσα
1972 1420 2194 1476 ἀγγέλους,
2237 1422 2415 1480 εἷρωτᾷν
2441 1421 2541 1478 Ἀρ-

187 1497 393 1552 ταξέρξεα
424 1497 494 1537 τὸν
523 1495 716 1551 Ξέρξεω,
760 1495 806 1537 εἶ’
823 1512 900 1552 σφι
931 1496 994 1538 ἔτι
1026 1496 1211 1549 ἐμμένει,
1243 1497 1319 1551 τῆν
1355 1495 1463 1550 πρὸς
1493 1494 1655 1550 Ξέρξεα
1695 1494 1844 1551 φιλίην
1872 1493 2207 1550 *συνεκεράσαντο
2240 1492 2265 1549 ἢ
2297 1494 2540 1548 νομιζοίατο

195 1571 304 1626 πρὸς
335 1567 467 1611 αὐτοῦ
496 1565 605 1610 εἶναι
636 1568 840 1622 πολέμιοι.
874 1586 909 1610 κ.
942 1586 976 1610 τ.
1012 1574 1050 1611 λ.
1112 1569 1167 1611 At
1197 1582 1302 1611 vero
1335 1568 1579 1610 inconsulte
1602 1567 1824 1623 judicant,
1855 1571 1927 1624 qui
1958 1581 2043 1610 non
2075 1570 2224 1622 inscii,
2256 1582 2383 1625 quam
2413 1582 2542 1612 accu-
2575 1605 2585 1615 .

195 1650 292 1686 rate
323 1643 605 1699 Thucydides
636 1657 709 1685 res
743 1643 843 1685 belli
874 1643 1239 1699 Peloponnesiaci
1276 1646 1553 1696 tractaverit„
1596 1641 1714 1683 illam
1752 1640 2019 1698 legationem
2058 1641 2112 1684 ab
2153 1641 2307 1684 eodem
2344 1649 2539 1698 praeter-

194 1721 374 1763 missam
415 1723 636 1769 statuunt,
677 1731 809 1773 quum
850 1717 1033 1760 alteram
1066 1722 1299 1771 memoret,
1349 1730 1461 1773 quae
1503 1721 1642 1759 morte
1683 1718 1805 1773 regis
1844 1715 1993 1759 audita
2023 1715 2186 1758 infecta
2215 1730 2264 1759 re
2296 1730 2350 1759 ex
2381 1719 2539 1760 itinere

194 1791 385 1835 redisset
416 1791 576 1844 (Thuc.
608 1790 682 1845 lv,
719 1796 835 1844 150).
896 1791 1065 1848 Atque,
1099 1798 1144 1835 ut
1174 1794 1394 1845 omittam,
1432 1803 1546 1847 quae
1576 1788 1862 1844 Plutarchus,
1893 1787 2114 1832 Diodorus
2146 1788 2303 1847 aliique
2334 1789 2389 1834 de
2419 1790 2539 1850 lega-

192 1868 313 1908 tione
351 1864 426 1907 illa
463 1864 716 1920 perhibent,
764 1864 1027 1908 Dahlmanni
1072 1865 1383 1920 conjuncturae
1424 1869 1746 1922 repugnantes,
1792 1876 1938 1906 nonne
1987 1862 2285 1919 imprudenter
2334 1863 2535 1919 facimus,

194 1936 309 1995 quod
341 1937 558 1994 Argivos,
597 1951 778 1994 quorum
810 1937 1013 1980 induciae
1043 1937 1308 1981 tricennales
1347 1953 1443 1980 cum
1475 1937 1705 1994 Spartanis
1736 1943 1863 1980 sexto
1897 1937 2068 1981 demum
2099 1952 2213 1981 anno
2244 1944 2345 1994 post
2376 1938 2435 1991 (T
2439 1939 2537 1982 huc.

192 2010 245 2066 V,
280 2014 352 2066 14)
385 2014 578 2065 exirent,
622 2010 741 2052 nulla
772 2024 821 2052 re
852 2009 1063 2052 adductos
1095 2014 1347 2064 statuimus,
1387 2003 1468 2052 min
1504 2010 1630 2052 initio
1667 2009 1746 2052 sed
1785 2010 1864 2053 sub
1892 2008 2019 2067 finem
2058 2011 2232 2065 imperii
2261 2011 2537 2067 Artaxerxis,

191 2087 264 2142 qui
295 2097 478 2142 regnum
512 2072 803 2140 quadraginta
831 2096 971 2124 annos
1003 2083 1210 2136 obtinuit,
1252 2082 1426 2140 legatos
1457 2085 1657 2137 misisse,
1697 2086 1769 2139 qui
1800 2089 2084 2140 quaererent,
2123 2071 2225 2126 'num
2256 2084 2339 2126 sibi
2370 2097 2537 2141 perma-

189 2164 347 2202 nerent
378 2160 631 2214 pactiones,
664 2169 774 2213 quas
806 2170 902 2199 cum
933 2155 1080 2200 Xerxe
1111 2161 1235 2214 patre
1266 2159 1464 2199 inissent.
1514 2155 1605 2199 lmo
1639 2156 1773 2200 multo
1805 2160 1970 2200 rectius
1993 2155 2227 2215 judicabis,
2259 2160 2299 2200 si
2329 2156 2537 2216 Argivos,

191 2245 376 2290 quorum
407 2231 606 2273 induciae
636 2230 904 2273 tricennales
944 2244 1039 2274 cum
1074 2230 1302 2287 Spartanis
1340 2243 1451 2272 anno
1483 2229 1711 2272 undecimo
1750 2229 1855 2272 belli
1884 2230 1991 2282 (420
2022 2244 2061 2272 a.
2094 2229 2217 2281 Chr.)
2260 2230 2537 2286 finiebantur,

192 2318 393 2365 quosque
424 2307 555 2347 etiam
576 2303 724 2346 Xerxe
756 2306 797 2346 in
817 2303 1044 2371 Graeciam
1078 2307 1269 2346 irruente
1290 2306 1396 2355 (480
1414 2315 1452 2345 a.
1471 2302 1594 2356 Chr.)
1625 2301 1883 2344 tricennalia
1904 2301 2084 2345 foedera
2107 2316 2202 2345 cum
2233 2303 2318 2345 illis
2332 2303 2537 2359 junxisse

192 2394 248 2425 ex
279 2378 508 2423 Herodoto
540 2384 670 2434 potes
701 2377 911 2435 colligere
943 2377 1067 2430 (Vll,
1101 2383 1184 2419 148
1215 2382 1260 2419 et
1293 2381 1410 2430 150),
1444 2390 1557 2418 anno
1580 2380 1664 2418 450
1685 2389 1723 2423 a.
1747 2374 1847 2418 Chr.
1878 2375 1976 2418 illas
2008 2376 2203 2420 inducias
2234 2381 2538 2435 composuisse

192 2460 239 2499 et
287 2454 509 2511 aliquanto
557 2457 686 2506 ante,
742 2465 873 2508 quum
928 2450 1090 2492 bellum
1134 2448 1450 2507 Spartanorum
1495 2448 1785 2507 impenderet,
1834 2449 2009 2509 legatos
2055 2450 2110 2495 ad
2160 2465 2311 2510 regem
2357 2456 2537 2496 misisse

191 2527 419 2585 conjicies,

307 2602 507 2645 Alterum
540 2599 685 2643 locum
715 2597 817 2654 VII,
853 2603 932 2642 114
966 2612 1063 2640 cum
1093 2601 1221 2642 tertio
1252 2596 1337 2653 111,
1371 2601 1452 2641 160
1481 2594 1552 2640 hic
1581 2597 1958 2655 comprehendam.
2019 2598 2081 2643 At
2109 2602 2255 2656 priore
2295 2602 2353 2645 nil
2385 2606 2535 2647 occur·

189 2680 268 2731 rit,
300 2679 385 2717 nisi
417 2674 533 2731 quod
563 2673 794 2727 Amistris,
827 2687 938 2714 uxor
966 2673 1147 2727 Xerxis,
1178 2673 1348 2714 facinus
1379 2671 1592 2728 quoddam
1624 2672 1800 2715 crudele
1829 2673 2058 2729 γηράσασα
2089 2677 2373 2718 commisisse·
2392 2678 2535 2732 perhi-

187 2750 331 2804 betur,
362 2751 614 2805 posteriore
638 2746 908 2800 Herodotus,
933 2746 1006 2788 ubi
1036 2745 1214 2788 Darium
1242 2759 1376 2801 opera
1405 2745 1571 2802 Zopyri
1596 2745 1820 2801 cujusdam
1849 2750 2021 2805 magnis
2052 2746 2207 2791 deinde
2236 2752 2441 2804 praemiis
2471 2750 2535 2794 af-

189 2824 295 2868 fecti
313 2822 587 2880 Babylonem
617 2820 906 2863 rebellantem
939 2823 1114 2876 cepisse
1144 2819 1332 2873 tradidit,
1363 2818 1521 2874 adjecit
1552 2819 1681 2862 haec:
1713 2819 1925 2877 Ζωπύρου
1956 2820 2002 2863 δὲ
2031 2824 2179 2863 τούτου
2207 2822 2361 2876 γίνεται
2385 2825 2535 2880 Μεγά-

188 2899 341 2953 βυζος,
382 2894 429 2945 ὃς
468 2897 512 2937 ἐν
542 2894 739 2951 Αἰγύπτῳ
770 2894 891 2935 ἀντία
913 2892 1160 2948 ·Ἀθηναι’ων
1188 2892 1264 2936 καί
1293 2895 1375 2935 τῶν
1405 2893 1641 2946 συμμάχων
1671 2893 1980 2950 ἐστρατήγησε·
2023 2895 2280 2948 ῙΙῙεγαβὺζου
2312 2897 2365 2945 δὲ,
2386 2898 2536 2941 τούτου

188 2967 604 3026 γίνεταιΖώπυρος,
639 2964 685 3017 ὃς
717 2966 760 3018 ἐς
783 2965 969 3023 Ἀθήνας
999 2965 1262 3024 ηὕτομόλησε
1291 2967 1336 3010 ἐκ
1356 2967 1574 3025 Περσέων.
1623 2966 1693 3010 De
1723 2967 1793 3011 his
1821 2966 2007 3011 Photius
2038 2970 2081 3011 in
2109 2973 2333 3027 excerptis
2356 2969 2533 3016 Ctesiae

190 3049 313 3103 (pag.
345 3049 413 3087 61.
447 3042 514 3086 ed.
547 3041 829 3093 Hoeschel.):
861 3040 1067 3098 Ζώπυρος
1098 3041 1140 3083 δὲ
1170 3041 1192 3085 ὅ
1227 3041 1486 3097 Μεγαβύζου
1518 3041 1593 3085 καί
1619 3041 1816 3097 Ἀμύτιος
1846 3049 1970 3096 παῖς,
2002 3043 2093 3086 ἐπεὶ
2124 3042 2237 3102 αὐτῷ
2268 3042 2292 3088 ὅ
2321 3063 2363 3088 τε
2392 3049 2534 3104 πατῆρ

192 3118 270 3161 καὶ
299 3118 325 3174 ἦ
355 3118 494 3175 μήτηρ
527 3115 811 3172 ἐτελεύτησεν,
854 3114 1014 3171 ἀπέστη
1045 3115 1282 3170 βασιλέως·
1325 3114 1400 3156 καί
1429 3116 1487 3165 εἰς
1514 3113 1701 3172 Ἀθήνας
1732 3114 1904 3173 ἄφίκετο
1935 3118 2042 3159 κατὰ
2071 3123 2146 3173 την
2185 3120 2260 3173 τῆς
2287 3121 2447 3176 μητρὸς
2475 3121 2534 3172 εἷς

192 3191 349 3244 αὐτοῦς
379 3192 641 3250 ἐυεργεσίαν·
682 3192 740 3242 εἷς
769 3192 945 3235 Καῦνον
977 3191 1023 3234 δὲ
1054 3189 1143 3245 ἅμα
1174 3196 1266 3249 τρῖς
1297 3187 1514 3244 ἑπομένοις
1544 3190 1778 3242 εῖςέπλευσε
1809 3189 1885 3235 καὶ
1923 3190 2112 3235 ἐκέλευσε
2148 3193 2429 3249 παραδιδόναι
2459 3195 2535 3251 την
