2769 3754
1319 154 1379 200 1⁰

169 300 329 345 quare,
360 287 400 327 si
429 282 612 326 Persica
642 282 760 326 bella
789 295 874 325 non
906 287 1060 324 exorta
1091 286 1260 334 essent,
1292 292 1434 346 neque
1460 277 1732 324 Herodotum
1761 278 1817 326 de
1847 278 2039 323 oraculis
2067 281 2366 331 sciscitantem·
2396 284 2516 342 quid-

169 375 297 418 quam
328 356 543 414 ejusmodi
573 355 754 399 audisse
784 361 915 412 puto,
956 359 1001 396 et
1031 352 1328 409 ThucydIdem
1366 357 1507 410 ipsum
1537 357 1719 410 propter
1746 351 2088 422 magnitudinem
2118 352 2224 397 bem
2254 357 2516 414 magnitudi-

168 445 267 476 nem
297 430 597 487 prodigiorum
628 427 692 485 (1,
723 432 829 483 23),
870 438 982 484 quae
1022 439 1076 469 eo
1112 425 1239 482 plura
1267 431 1417 482 erant,
1449 439 1534 485 quo
1565 428 1828 471 attentiores
1859 419 1986 476 erant
2009 427 2172 481 animi,
2210 432 2257 470 et
2286 432 2516 478 nuntiasse

168 512 213 549 et
253 504 501 561 explicasse
541 503 698 558 judico.
759 501 875 545 Quin
918 504 1050 543 etiam
1091 499 1167 542 illa
1204 505 1373 544 tantum
1415 499 1664 544 calamitate
1703 499 1931 545 Deliorum
1967 502 2150 561 ineunte
2185 514 2303 544 anuo
2342 500 2511 547 decimo

168 579 271 621 belli
302 578 470 631 (Thuc.
503 578 555 632 V,
591 583 657 625 1.)
689 576 883 618 fortasse
914 574 1077 617 factum
1109 581 1201 628 est,
1242 581 1291 618 ut
1320 575 1540 633 vulgatior
1567 579 1693 618 esset
1721 573 1841 620 fama
1868 574 1985 619 illius
2014 577 2244 628 tremoris,
2274 589 2401 631 quem
2432 590 2514 620 suo

170 653 269 696 loco
301 654 534 696 memorari
564 649 702 694 voluit
731 647 934 705 scriptor.
997 648 1071 691 Sic
1101 655 1242 705 patet,
1284 663 1363 693 cur
1400 654 1446 692 et
1475 642 1757 707 Thucydides
1786 647 1948 707 prioris
1978 650 2156 691 nescius
2185 647 2320 691 fuerit
2350 654 2397 693 et
2426 647 2515 693 lle-

168 727 370 770 rodotum
408 725 461 768 de
507 724 649 766 altero
685 723 744 765 nil
785 722 994 764 habuisse
1024 729 1293 778 compertum
1325 729 1371 766 at
1401 728 1524 765 certe
1543 735 1608 764 το
1637 729 1862 779 comperta
1889 737 2015 765 suam
2046 725 2339 769 narrationem
2370 736 2515 767 emen-

168 801 369 842 daturum
389 800 553 850 fnisse,
584 801 647 850 si,
679 802 727 839 ut
757 796 928 852 quidam
949 797 1123 848 volunt,
1157 811 1295 867 usque
1326 798 1380 840 ad
1410 797 1540 844 finem
1569 796 1688 839 illius
1708 796 1813 840 belli
1844 800 1968 853 operi
1997 795 2221 849 condendo
2252 795 2511 846 studuisset.

165 874 266 915 Jam
298 880 438 914 morte
468 872 732 913 Artaxerxis
764 870 1037 913 definiendas
1068 868 1280 913 Herodoti
1311 869 1518 914 historias
1547 866 1676 914 modo
1707 868 2051 925 constituebam,
2087 874 2135 915 at
2164 869 2358 914 fortasse
2388 884 2445 915 ne
2474 874 2513 915 is

165 947 337 1003 quidem
377 950 594 988 terminus
625 945 867 987 habendus.
928 943 1206 1000 Thucydides
1239 947 1351 987 euim
1390 944 1678 987 Plataeenses
1707 944 1841 987 tradit
1881 943 2112 1001 Spartanis
2160 944 2515 1003 oppugnantibus

164 1021 341 1079 legatos
372 1023 574 1075 misisse,
607 1023 680 1077 qui
711 1019 930 1073 dicerent,
963 1018 1208 1074 Spartanos
1238 1017 1402 1074 injuste
1441 1017 1612 1074 facere,
1643 1016 1759 1077 quod
1787 1017 2025 1063 Thebanos
2062 1017 2150 1062 sibi
2187 1020 2512 1062 inimicissimos

165 1094 425 1151 adjuvarent
463 1106 601 1151 seque
639 1092 825 1150 perdere
863 1091 1112 1146 studerent,
1149 1104 1276 1148 qaum
1304 1092 1558 1135 Pausanias
1592 1092 1695 1135 olim
1730 1097 1914 1147 propter
1940 1106 2033 1135 rem
2060 1106 2091 1135 a
2125 1093 2330 1153 papribus
2359 1098 2514 1136 costra

166 1167 337 1216 Persas
382 1168 548 1223 eqreqae‘e
591 1170 761 1222 qestam
814 1166 962 1207 arbem
1011 1176 1223 1221 aqrosque
1264 1163 1575 1222 concessisset,
1624 1171 1676 1209 at
1719 1180 1891 1222 seraper
1926 1168 2024 1210 sais
2067 1167 2232 1224 legibus
2274 1172 2512 1209 interemtum

167 1240 304 1295 Cujus
344 1243 408 1283 rei
449 1240 609 1282 nullam
650 1241 917 1282 mentionem
958 1239 1053 1281 fieri
1093 1238 1206 1294 apud
1246 1238 1518 1281 Herodotum
1564 1240 1881 1300 perdiligenter
1920 1240 2028 1283 talia
2066 1244 2349 1282 annotantem
2391 1245 2514 1284 certe

165 1321 304 1367 esset,
337 1312 450 1369 quod
483 1315 720 1365 mirareris,
752 1315 838 1353 nisi
869 1311 1256 1366 animadverteres,
1285 1313 1533 1368 hujusmodi
1558 1316 1778 1370 promissa
1805 1316 1940 1356 toties
1969 1312 2284 1356 fere-homines
2315 1312 2514 1355 oblivisci

166 1388 339 1440 solere,
383 1389 557 1448 quoties
587 1384 768 1440 fierent,
810 1399 953 1441 neque
992 1384 1183 1429 futurum
1224 1384 1388 1441 fuisse,
1427 1391 1476 1430 ut
1504 1385 1796 1431 Plataeenses
1833 1385 2008 1431 illorum
2037 1388 2442 1442 reminiscerentur,
2474 1387 2514 1429 si

166 1459 403 1505 difficultas
452 1474 600 1503 rerum
646 1474 733 1502 non
780 1457 1091 1502 admonuisset.
1157 1457 1311 1518 Itaqne
1357 1464 1505 1518 patet,
1548 1474 1681 1519 quum
1725 1458 1979 1506 Herodotus
2024 1459 2318 1505 Plataeenses
2358 1465 2512 1505 *umet

164 1534 328 1577 auxilia
360 1533 678 1589 Spartanorum
710 1538 864 1575 contra
894 1532 1128 1576 Thebanos
1158 1533 1446 1590 implorantes
1488 1534 1543 1578 ad
1573 1534 1873 1578 Athenienses
1910 1547 2014 1578 esse
2050 1534 2246 1590 rejectos
2276 1533 2380 1589 (vl,
2414 1538 2510 1577 109.

166 1607 220 1651 cf.
244 1606 380 1653 Thuc.
400 1605 483 1661 111,
514 1610 614 1661 55),
653 1620 731 1651 cur
761 1620 846 1650 non
878 1604 1014 1662 idem,
1055 1620 1163 1664 quae
1197 1611 1355 1663 postea
1385 1603 1485 1651 inde
1514 1605 1630 1652 mala
1659 1611 1813 1652 essent
1843 1606 2019 1664 oborta,
2049 1610 2222 1663 narret,
2253 1616 2511 1666 quamquam

165 1680 410 1737 Spartanos
452 1694 533 1736 per
571 1679 716 1723 dolum
757 1693 916 1724 causas
957 1679 1267 1725 discordiarum
1305 1684 1419 1726 inter
1448 1680 1748 1726 Athenienses
1780 1679 2102 1738 Thebanosque
2132 1692 2284 1725 serere
2314 1679 2511 1723 voluisse

166 1772 253 1799 non
285 1756 576 1813 ignoraverit,
607 1756 936 1811 certaminaque
967 1768 1116 1798 eorum
1148 1758 1415 1812 exposuerit.
1463 1755 1612 1801 Quare
1642 1757 1798 1808 etiam,
1827 1752 1871 1797 id
1900 1753 2015 1811 quod
2045 1767 2179 1811 supra
2208 1751 2507 1806 animadverti,

165 1843 250 1871 non
290 1827 382 1883 jam
427 1840 698 1885 magnopere
743 1827 986 1871 errabimus
1028 1832 1277 1871 statuentes
1321 1826 1592 1871 Herodotum
1634 1827 1689 1871 de
1729 1830 1900 1885 maguis
1938 1827 2105 1870 viribus
2137 1826 2408 1884 Odrysarum
2450 1825 2508 1867 nil

165 1905 446 1961 cognovisse.
517 1900 631 1943 Nam
673 1899 828 1943 eodem
868 1915 983 1944 anno
1023 1902 1175 1944 oculos
1218 1901 1484 1946 Graecorum
1521 1903 1564 1944 iu
1602 1913 1655 1944 se
1695 1906 2027 1978 converterunt,
2071 1914 2155 1957 quo
2195 1900 2510 1956 Peloponnesii

164 1974 372 2018 Plataeas
404 1974 632 2016 obsidione
663 1977 913 2029 cinxerunt,
946 1979 1029 2018 429
1061 1989 1100 2017 a.
1133 1973 1231 2016 Chr.
1582 1971 1588 1980 '

277 2047 404 2091 Quae
436 2061 565 2104 quum
597 2050 660 2090 ita
689 2050 803 2102 sint,
845 2051 975 2090 unice
1006 2047 1271 2104 probandum
1303 2052 1373 2090 est
1405 2047 1615 2105 Dionysii
1650 2049 1947 2090 testimonium
1989 2060 2070 2089 nec
2092 2046 2185 2102 jam
2216 2046 2418 2089 audiendi
2448 2051 2527 2090 vi·-

162 2121 343 2176 dentur,
385 2124 459 2179 qui
489 2126 680 2164 aetatem
713 2119 928 2163 Herodoti
959 2125 1109 2178 primis
1138 2124 1264 2164 annis
1294 2120 1399 2163 belli
1428 2120 1796 2178 Peloponnesiaci
1827 2134 1912 2162 non
1944 2119 2233 2162 definiendam
2262 2132 2366 2162 esse
2396 2120 2507 2162 arbi-

161 2202 344 2240 trantur.
404 2194 551 2250 Atque
582 2206 695 2250 quae
724 2183 851 2237 solae
880 2208 977 2249 res,
1010 2209 1064 2237 ex
1095 2209 1178 2251 quo
1210 2193 1401 2236 Thurios
1431 2194 1557 2249 abiit,
1588 2199 1747 2252 gestae
1777 2207 1881 2237 esse
1911 2193 2126 2248 videntur,
2157 2194 2271 2250 quod
2302 2193 2507 2250 Zopyrus

161 2269 363 2314 Athenas
393 2270 563 2310 venerit
594 2266 698 2321 (111,
722 2271 850 2321 160),
882 2268 996 2324 quod
1019 2267 1214 2310 Thebani
1244 2270 1536 2310 incursionem
1566 2269 1610 2308 in
1645 2266 1849 2310 Plataeas
1879 2266 2065 2311 fecerint
2094 2266 2218 2322 (vll,
2239 2271 2360 2323 2³3),
2391 2267 2506 2326 quod

161 2341 301 2398 legati
332 2338 648 2395 Spartanorum
679 2342 823 2383 necati
853 2342 941 2383 sint
972 2338 1419 2395 (V11,137),quum
1450 2351 1529 2383 eas
1559 2338 1757 2382 historiis
1780 2338 1874 2396 jam
1905 2343 2157 2397 compositis
2187 2347 2345 2398 postea
2373 2344 2505 2385 inter

160 2416 333 2476 positas
376 2425 480 2456 esse
519 2416 752 2468 appareat,
790 2410 1083 2466 conjecturam
1112 2410 1260 2457 facere
1291 2415 1422 2457 etiam
1452 2411 1579 2468 licet,
1624 2414 1884 2470 scriptorem
1915 2411 2093 2458 Thuriis
2123 2427 2299 2472 operam
2331 2414 2502 2474 quidem

163 2485 339 2532 dedisse
369 2485 456 2530 illis
487 2484 792 2545 perficiendis,
823 2484 903 2528 sed
933 2485 1066 2528 rebus
1095 2485 1293 2530 adversis
1322 2491 1398 2531 aut
1427 2492 1570 2532 morte
1600 2492 1770 2532 matura
1799 2501 1903 2532 esse
1932 2487 2195 2546 impeditum.
