2769 3754
1307 161 1343 217 ὑ

180 296 427 357 perhibeat,
458 299 572 355 quae
601 297 756 355 usque*
772 293 827 341 ad
857 308 981 340 mam
1011 298 1263 340 memoriam
1284 295 1466 339 Graecis
1495 302 1647 340 essent
1677 296 1839 340 illatae.
1890 295 2024 340 Nulla
2054 301 2168 343 enim
2198 300 2358 343 caedes
2380 300 2511 345 Grae-

183 377 335 414 corum
365 369 555 414 conferri
572 373 716 428 potuit
743 368 1123 415 cnm'Atheniensi
1150 383 1234 413 nec
1261 368 1442 413 numero
1472 363 1716 425 caesorum,
1746 383 1828 412 nec
1857 371 2155 428 magnitudine
2184 373 2394 415 malorum
2414 373 2513 415 inde

182 448 463 498 exortorum,
492 456 629 500 quare
657 447 705 486 et
732 441 1008 485 Dahlmanno
1037 441 1221 499 aliisque
1249 441 1325 485 ille
1353 439 1478 485 locus
1507 446 1694 486 maxime
1722 443 1929 485 notabilis
1958 446 2080 486 visus
2109 449 2193 487 est.

291 516 458 561 Eadem
486 516 584 561 fere
613 520 660 561 et
687 515 817 574 plura
846 519 979 560 etiam
1011 530 1066 560 ex
1093 515 1241 560 verbis
1272 514 1352 571 v1,
1381 520 1439 564 98
1476 531 1504 561 a
1531 515 1803 559 Dahlmanno
1834 517 1969 575 longe
2000 517 2086 560 alio
2117 531 2253 560 sensu
2283 518 2512 575 explicatis

175 591 392 650 colligere
421 603 558 648 posse
587 589 892 649 mihiyideor:
927 591 1034 646 μετᾶ
1071 589 1117 634 δὲ
1152 591 1302 635 τοῦτον
1339 588 1533 634 ἐνθεῦτεν
1560 590 1846 645 ἐξαναχθέντα
1882 589 2062 644 (Datim
2088 590 2247 635 ducem
2276 591 2512 636 Persarum

174 669 331 711 490¹&
364 664 498 722 Chr.)
537 665 680 722 Δῆλος
710 664 921 723 &muys-9²1,
969 661 1028 716 ὥς
1069 663 1210 722 ἔλεγον
1249 664 1293 710 οἷ
1319 663 1491 723 Δήλιοι,
1531 664 1607 710 καί
1634 666 1782 723 πρῶτα
1822 665 1912 709 καί
1948 664 2155 709 ὕστατα
2194 666 2353 724 μέχρι
2392 667 2513 721 ἐμεῦ

174 743 409 786 σεισθεῶα.
453 738 529 783 καὶ
565 739 689 783 τοῦτο
723 739 803 793 μέν
841 754 917 783 κου
952 738 1081 795 τέρας
1117 738 1384 797 ἀνθρώποισι
1412 740 1496 783 τῶν
1528 738 1770 794 μελ-λόντων
1805 739 1982 782 ἔσεσθαι
2012 741 2153 784 κακῶν
2182 740 2313 798 ἔφηνε
2343 739 2365 784 ὁ
2393 742 2512 793 θεός·

172 814 249 858 ἐπὶ
276 815 356 871 γὰρ
388 813 575 869 Δαρειὀυ
603 814 680 856 τοῦ
712 811 968 864 Ὑστάσπεος
996 814 1072 856 καί
1099 811 1271 870 Ξέρξεω
1298 815 1379 856 τοῦ
1394 814 1589 871 ’Δαρείου
1626 813 1701 855 καὶ
1725 812 2012 869 Ἀρταξέρξεω
2050 816 2126 855 τοῦ
2162 815 2356 869 Ξέρξεω,
2388 816 2515 870 τριῶν

173 887 360 931 τουτέων
389 888 540 948 ἐπεξῆς
568 887 743 942 γενεέων
771 886 931 942 ἐγένετο
961 888 1080 930 πλέω
1110 887 1221 929 κακὰ
1250 888 1303 945 τῇ
1323 884 1490 929 Ἐλλάδι
1511 886 1538 943 ἢ
1563 886 1635 929 ἐπὶ
1664 885 1794 928 εἴκοσι
1817 884 1948 936 ἄλλας
1977 888 2117 941 γενεᾶς
2135 889 2211 938 τὰς
2230 890 2310 945 πρὸ
2328 890 2512 946 Δαρείου

174 961 418 1016 γενομένας,
453 961 508 1004 τὰ
535 960 614 1015 μὲν
643 958 726 1004 cim?
755 961 840 1004 τῶν
868 961 1076 1018 Περσέων
1106 960 1213 1018 αὐτῇ
1241 959 1440 1017 γενόμενα
1476 961 1528 1004 τᾶ
1559 959 1604 1001 δὲ
1634 957 1702 1001 ἄπ’
1733 959 1897 1002 αὐτέων
1926 961 2009 1002 τῶν
2037 961 2283 1017 κορυφαίων
2311 961 2410 1018 περὶ
2438 963 2512 1017 τῆς

176 1035 312 1090 ἀρχῆς
349 1034 657 1088 πολεμεόντων·
696 1032 808 1077 οὕτω
846 1033 966 1077 οὐδὲν
1002 1029 1056 1091 ἦν
1094 1033 1227 1085 ἆεῑκὲς
1261 1034 1488 1090 κινηθῆναι
1523 1013 1665 1088 Δῆὶῖον
1702 1034 1749 1076 τό
1778 1031 1881 1088 πρὶν
1910 1034 2061 1076 ἐοῦσαν
2098 1033 2306 1089 ἀκίνητον.
2339 1052 2374 1076 κ.
2407 1052 2442 1077 τ.
2476 1039 2510 1076 λ.

175 1107 346 1151 auibus
374 1107 614 1151 verbisne
645 1110 744 1166 quis
774 1121 872 1151 cum
902 1106 1176 1152 Dahlmanno
1205 1111 1335 1167 regni
1362 1101 1534 1166 quoque
1573 1107 1832 1152 Artaxerxis
1862 1107 1993 1151 finem
2033 1107 2213 1151 indicari
2244 1112 2512 1165 suspicetur,

175 1180 306 1238 quum
336 1180 401 1224 illi
430 1187 525 1225 tres
553 1195 690 1240 reges
720 1181 817 1225 fere
848 1187 1021 1225 centum
1053 1196 1195 1225 annos
1225 1186 1288 1235 [si
1316 1196 1467 1226 verum
1497 1185 1613 1225 scire
1642 1185 1709 1225 vis
1737 1182 1968 1238 nonaginta
1997 1188 2187 1237 septem)
2232 1191 2513 1241 regnassent,

179 1268 419 1312 eorumque
448 1269 589 1313 regna
617 1261 713 1298 tres
743 1260 917 1298 aetates
948 1259 1247 1311 nominentur,
1284 1255 1403 1299 illam
1434 1255 1488 1299 de
1517 1256 1736 1299 aetatibus
1768 1259 2014 1312 opinionem
2044 1257 2269 1314 vulgarem
2300 1269 2404 1300 esse
2435 1257 2514 1299 fal-

175 1341 268 1371 sam
290 1327 547 1384 perpendat,
579 1332 841 1386 omninoque
861 1330 977 1373 filios
1004 1336 1050 1372 et
1071 1333 1142 1386 qui
1173 1333 1227 1373 iis
1257 1330 1467 1387 aequales
1497 1333 1586 1373 sint
1616 1323 1797 1372 alteram
1828 1335 2018 1371 aetatem
2048 1333 2196 1371 vocari
2226 1331 2304 1382 (cf.
2327 1344 2438 1386 quae
2460 1331 2513 1372 de

175 1402 264 1443 hac
293 1414 343 1443 re
374 1400 536 1458 disput.
567 1401 595 1444 l.
628 1402 658 1445 Ι.
690 1416 732 1458 p.
764 1407 821 1447 67
850 1408 984 1460 sqq.].
1043 1402 1140 1446 Nec
1176 1403 1337 1446 bellum
1375 1402 1547 1460 quidem
1577 1402 1997 1458 Peloponnesiacum
2035 1402 2128 1444 illis
2164 1403 2293 1445 malis
2333 1402 2515 1445 indicari

173 1474 364 1530 putabis,
397 1477 437 1517 si
467 1474 671 1518 invidiam
702 1475 1138 1531 Peloponnesiorum,
1169 1491 1225 1519 ex
1255 1491 1340 1533 quo
1372 1480 1559 1517 maxima
1588 1476 1729 1532 gloria
1757 1481 1885 1531 parta
1903 1476 2197 1533 Athenienses
2227 1479 2515 1532 principatum

175 1546 431 1591 obtinebant
463 1546 692 1603 Graeciae,
724 1564 809 1606 qua
839 1548 956 1592 ducti
986 1563 1162 1606 semper
1191 1563 1340 1592 eorum
1372 1549 1598 1592 conatibus
1629 1549 1807 1591 officere
1837 1548 2071 1590 studebant
2102 1549 2177 1601 (cf.
2200 1549 2334 1591 Thuc.
2356 1552 2388 1604 1,
2419 1554 2512 1603 97],

176 1619 220 1665 si
246 1623 378 1664 etiam
417 1620 587 1678 proelia
616 1621 671 1664 ad
702 1621 975 1680 Tanagram,
1006 1624 1060 1666 ad
1090 1623 1422 1679 Oenophytam,
1463 1623 1516 1665 ad
1552 1621 1802 1665 Koroneam
1841 1626 2133 1678 spectaveris,
2174 1637 2397 1678 quaequae
2429 1624 2514 1664 alia

174 1693 291 1739 bella
318 1696 490 1739 interna
518 1699 621 1752 post
653 1694 915 1740 seditionem
951 1699 1123 1741 tertiam
1152 1695 1477 1751 Messeniorum
1505 1696 1735 1740 Graeciam
1764 1703 1977 1739 vexarunt
2012 1695 2170 1748 (Thuc.
2191 1695 2224 1750 1,
2251 1703 2510 1750 1⁰5-113J.

177 1766 312 1811 Immo
343 1781 472 1824 vero,
503 1767 547 1812 id
577 1768 691 1826 quod
721 1773 1015 1826 praetermisit
1045 1770 1363 1827 Dahlmannus,
1399 1776 1448 1814 ut
1477 1770 1604 1815 aliam
1633 1786 1726 1815 rem
1756 1786 1857 1813 mox
1887 1770 2198 1824 annotandam,
2229 1777 2381 1812 nostro
2413 1771 2511 1812 loeo

177 1841 385 1899 efficitur,
426 1842 627 1900 iynotum-
649 1842 795 1903 fuisse
822 1842 1049 1888 Herodoto
1088 1844 1276 1890 Darium
1313 1845 1618 1902 posteriorem,
1660 1860 1744 1903 quo
1782 1849 1997 1902 regnante
2036 1847 2223 1887 maxima
2262 1844 2511 1887 calamitate

182 1916 339 1956 Graeci
391 1922 436 1958 et
484 1915 682 1975 inprimis
722 1917 1041 1975 Athenienses,
1088 1924 1166 1984 gui
1207 1925 1384 1977 praeter
1430 1925 1603 1964 ceteros
1647 1919 1875 1964 Graeciam
1924 1929 1950 1962 a
1987 1916 2184 1961 barbaris
2225 1915 2512 1962 defenderant

174 1991 301 2046 (VII,
337 1995 454 2046 137),
486 1992 635 2034 affecti
667 1997 782 2035 sunt.
844 1993 993 2037 Quare
1024 1992 1275 2039 Herodotus
1305 2000 1406 2050 post
1432 1997 1612 2039 mortem
1640 1991 1923 2038 Artaxerxis
1955 1995 2037 2036 424
2069 2004 2107 2036 a.
2136 1991 2233 2035 Chr.
2266 2005 2378 2048 opus
2410 2004 2512 2035 con-

179 2064 344 2105 didisse
376 2068 551 2106 minime
580 2065 764 2108 videtur.
824 2066 974 2125 Atque
1013 2070 1142 2109 etiam
1183 2067 1610 2113 animadvertendum
1641 2072 1732 2123 est,
1769 2066 1888 2111 illum
1930 2071 2092 2110 motum
2122 2070 2266 2109 terrae
2297 2066 2338 2109 in
2370 2063 2512 2108 insula

176 2136 318 2191 Delo,
343 2144 392 2179 ut
421 2138 674 2180 Herodotus
703 2139 861 2194 tradit,
891 2153 1033 2197 usque
1063 2141 1118 2183 ad
1148 2154 1272 2184 suam
1303 2134 1493 2185 aetatem
1524 2147 1569 2185 et
1598 2145 1781 2199 primum
1814 2145 1858 2183 et
1886 2146 2153 2197 postremum
2185 2139 2348 2193 fuisse,
2380 2151 2510 2195 quum

175 2216 221 2254 et
250 2210 527 2270 Thucydides
558 2212 621 2253 illi
649 2227 924 2270 repugnans,
964 2229 1093 2270 quum
1125 2220 1403 2270 exposuerit,
1442 2222 1602 2273 quanta
1638 2219 1681 2257 in
1713 2218 2043 2271 exspectatione
2075 2226 2228 2261 omnes
2259 2212 2416 2253 Graeci
2448 2215 2509 2252 in-

174 2287 378 2327 mrsione
409 2287 452 2328 in
483 2284 692 2330 Plataeas
722 2286 840 2331 facia
868 2287 1083 2343 fuissent,
1124 2288 1321 2345 adjicitzt:
1362 2289 1424 2332 ἔτι
1466 2289 1510 2331 δὲ
1538 2291 1679 2346 Δῆλος
1718 2288 1892 2345 ἐκινήθη
1926 2288 2067 2343 ὀλίγον
2104 2288 2187 2343 πρὸ
2218 2286 2381 2329 τούτων
2410 2284 2510 2341 πρό·

173 2375 293 2416 τερον
322 2355 440 2403 οὔπω
472 2364 696 2404 σεισθεῖσα
724 2362 795 2419 ἀφ’
824 2357 873 2405 οὗ
894 2362 1089 2419 Ἕλληνες
1117 2363 1370 2420 μέμνηνται·
1401 2362 1563 2418 ἐλέγετο
1597 2363 1642 2405 δὲ
1673 2362 1748 2404 καί
1777 2361 1913 2405 ἐδόκει
1942 2361 2014 2404 ἐπὶ
2043 2367 2133 2411 τοῖς
2163 2360 2369 2414 μέλλουσι
2398 2359 2511 2415 γενή-

174 2436 329 2475 σεσθαι
368 2435 554 2489 σημῆναι
593 2453 629 2477 κ.
661 2453 697 2478 τ.
729 2440 765 2477 λ.
800 2436 885 2492 (Π,
917 2442 980 2491 8).
1039 2436 1221 2479 Minime
1251 2437 1473 2495 probanda
1502 2436 1674 2480 videtur
1701 2437 1997 2495 Wesselingii
2029 2435 2260 2493 explicatio
2293 2432 2510 2491 Thucydi-

173 2505 241 2550 dis
282 2507 427 2563 ὀλίγον
466 2507 665 2566 πρότερον
704 2510 845 2552 laxius
876 2515 1090 2554 sumentis
1121 2518 1253 2569 atque
1283 2512 1336 2555 ad
1368 2512 1483 2554 illam
1514 2517 1746 2555 tremorem
1778 2511 2056 2567 adplicantis,
2099 2525 2226 2567 quem
2257 2502 2509 2553 Herodotus

172 2585 502 2638 memoraverit,
544 2582 624 2626 sed
662 2584 951 2628 accedendum
982 2585 1273 2630 Valkenaerio
1312 2589 1497 2642 priorem
1529 2591 1763 2629 tremorem
1794 2587 2033 2640 suspicanti
2063 2590 2138 2625 aut
2171 2583 2353 2625 Graecis
2384 2586 2506 2641 igno-

172 2657 263 2696 tum
293 2660 369 2697 aut
399 2654 453 2698 ab
484 2659 539 2700 iis
580 2671 665 2700 non
697 2658 907 2702 cre-ditum
938 2659 1091 2703 fuisse.
1151 2659 1208 2703 Et
1251 2663 1346 2716 ipse
1384 2658 1635 2703 Herodotus
1667 2659 1879 2712 oraculis,
1923 2662 2165 2713 portentis,
2207 2658 2508 2714 similibusque

173 2725 307 2769 rebus
337 2733 425 2771 tam
456 2729 645 2774 libenter
674 2731 878 2776 credulus
900 2732 999 2788 (VI,
1024 2737 1116 2788 27.)
1149 2733 1376 2777 dubitasse
1405 2732 1587 2789 videtur,
1619 2746 1753 2790 quare
1784 2737 1828 2775 et
1859 2731 1995 2775 verba
2027 2729 2084 2781 ὡς
2116 2730 2255 2787 ἔλεγον
2286 2729 2325 2774 οἱ
2355 2731 2510 2787 Δήλιοι

173 2800 322 2856 adjicit
360 2809 406 2845 et
445 2811 705 2862 argumenta
734 2807 884 2862 affert,
924 2822 1001 2850 cur
1028 2808 1262 2865 ‚probabile
1301 2812 1382 2864 sit,
1412 2815 1571 2851 terram
1603 2821 1705 2850 esse
1745 2812 1919 2848 motam.
1980 2804 2127 2861 Atque
2166 2819 2295 2862 quum
2326 2811 2509 2861 uterque

171 2878 362 2932 scriptor
392 2879 649 2934 contendat,
691 2880 813 2923 illum
844 2888 1078 2924 tremorem
1107 2883 1293 2935 primum
1322 2882 1485 2936 fuisse,
1518 2882 1770 2937 conjectura
1797 2881 1874 2921 fiat
1908 2892 2093 2921 necesse
2124 2885 2216 2933 est,
2254 2877 2508 2919 sacerdotes

173 2946 326 2992 harum
359 2956 656 2996 narrationum
687 2960 893 2998 auctores
913 2953 1067 3011 fuisse,
1100 2970 1223 3013 quas,
1253 2961 1303 2998 ut
1323 2959 1533 2998 sanctitas
1556 2955 1656 2997 inde
1675 2955 1760 2997 loci
1783 2958 2030 3010 appareret,
2060 2957 2138 2995 aut
2160 2955 2244 3009 ipsi
2271 2951 2507 3009 fingebant,

174 3028 249 3066 aut
278 3024 405 3068 fictas
437 3027 671 3085 augebant.
733 3028 902 3072 Quibus
932 3033 974 3072 in
1007 3033 1139 3072 terris
1170 3032 1410 3072 auctoritas
1440 3029 1588 3071 talium
1620 3043 1764 3071 rerum
1795 3033 1918 3070 tanta
1947 3033 2040 3080 est,
2083 3032 2244 3083 quanta
2274 3030 2365 3066 tum
2396 3022 2509 3080 apud

175 3094 397 3154 Graecos,
429 3105 688 3156 praesertim
719 3117 849 3160 quum
880 3107 1094 3148 maximae
1123 3118 1197 3147 res
1228 3106 1500 3158 immineant,
1539 3103 1750 3146 falluntur
1778 3115 1913 3157 saepe
1943 3101 2143 3142 homines
2176 3098 2375 3156 prodigia
2405 3110 2508 3138 nun-

174 3171 336 3222 tiantes
367 3180 412 3215 et
442 3180 607 3220 temero
638 3177 893 3235 credentes,
930 3177 1045 3237 quod
1075 3180 1207 3222 etiam
1238 3176 1405 3222 Romae
1435 3180 1612 3222 evenire
1642 3176 1813 3221 solebat
1843 3175 1959 3229 (Liv.
1992 3173 2121 3229 XXI,
2153 3178 2220 3217 62.
2252 3171 2399 3229 XXII,
2433 3175 2508 3225 1.),

1977 3256 2008 3298 3
