2769 3754
1328 221 1362 269 6

170 362 359 397 mannus
389 349 651 405 arbitratur,
689 347 805 407 quod
834 351 994 405 postea
1023 346 1136 407 Agis
1165 346 1367 393 Athenas
1398 345 1607 392 obsidens
1645 349 1690 392 in
1733 349 1831 407 ipsa
1858 346 2097 394 Academia
2125 355 2274 396 castra
2301 342 2521 411 posuerit.-

170 425 286 470 Nam
317 429 362 467 et
393 438 540 468 mores
572 423 838 467 Graecorum
869 425 912 464 in
944 422 1018 465 illo
1050 421 1164 465 bello
1195 424 1480 467 vehementer
1508 426 1666 467 mutati
1694 429 1822 479 sunt,
1854 429 1899 467 et
1928 423 2063 483 longe
2093 424 2208 468 aliud
2238 432 2333 482 est,
2370 427 2515 472 locum

170 498 394 542 hostiliter
424 498 615 554 diripere
646 505 692 540 et
723 512 820 540 eum
851 510 1091 552 occupare,
1121 501 1169 538 ut
1199 500 1244 539 in
1275 497 1406 540 alium
1436 497 1631 539 invadas.
1691 498 1915 540 Diodorus
1945 504 2098 541 contra
2127 498 2248 554 (ΧΠ,
2279 504 2350 552 45)
2383 501 2515 558 Spar-

170 577 302 616 tanos
334 577 591 629 pepercisse
622 571 753 614 tradit
790 570 1021 626 tetrapoli,
1060 583 1172 627 quae
1211 570 1449 625 diceretur,
1489 571 1563 613 ubi
1602 571 1794 627 majores
1834 571 2143 615 consedissent
2179 578 2225 615 et
2264 573 2320 616 ab
2357 574 2513 618 incolis

173 644 311 701 adjuti
340 645 637 701 Eurystheum
668 644 944 687 invadentem
974 648 1199 687 vicissent.
1259 644 1377 687 Idem
1415 644 1470 686 de
1501 644 1785 702 Tricorytho,
1824 659 1936 703 quae
1973 653 2204 702 parserat
2233 647 2351 690 illius
2379 653 2514 691 tetra·

164 719 338 776 polios,
369 720 508 762 refert
537 718 610 772 IV,
644 723 712 762 57.
774 718 922 774 Atque
953 721 1203 761 consentire
1234 718 1430 761 Diodoro
1461 717 1633 761 videtur
1664 718 1824 762 Strabo
1857 719 1994 773 (vm,
2033 733 2135 777 pag.
2166 724 2253 763 5⁹⁷
2281 720 2512 773 Almelov.)

163 790 447 835 Euristheum
490 805 673 833 narrans
703 794 746 833 in
777 791 894 834 bello
924 798 1078 834 contra
1115 789 1395 846 Heraclidas,
1436 805 1547 848 quos
1587 790 1886 835 Athenienses
1916 793 2212 848 adjuvissent,
2249 792 2513 837 Marathone

162 868 378 923 periisse,
410 864 525 921 quod
558 864 672 907 idem
705 864 909 921 oppidum
939 864 1198 920 tetrapolios
1229 865 1337 919 fuit,
1367 869 1412 908 et
1442 865 1588 908 verbis
1619 868 1752 908 etiam
1783 865 2008 909 Plutarchi
2038 879 2173 922 supra
2202 868 2424 908 annotatis
2453 868 2513 909 in-

164 938 300 983 dicari
330 938 516 983 videtur.
577 939 709 983 Patet
740 943 889 998 igitur,
922 940 1164 995 Spartanos
1195 943 1361 995 pietate
1392 939 1603 983 adductos
1634 939 1893 983 clementius
1924 948 2142 984 tractasse
2172 941 2367 997 aliquos,
2392 941 2513 983 illos·

164 1025 249 1070 que
280 1011 421 1054 falsos
452 1026 578 1068 esse,
620 1015 694 1071 qui
724 1013 859 1055 verba
890 1012 1102 1055 Herodoti
1133 1018 1255 1056 recto
1288 1027 1426 1056 sensu
1456 1016 1737 1070 interpretari
1767 1014 1933 1058 nolunt.
1993 1015 2150 1072 Neque
2180 1016 2352 1070 obstat,
2396 1014 2511 1072 quod

162 1087 449 1143 Thucydides
491 1100 584 1129 rem
623 1102 708 1128 non
749 1091 1029 1140 memoravit,
1072 1088 1197 1142 cujus
1228 1102 1313 1130 non
1346 1092 1462 1141 erat,
1508 1099 1619 1144 quae
1659 1100 1734 1130 res
1773 1088 1827 1130 ad
1864 1102 2075 1131 summam
2115 1088 2220 1131 belli
2260 1088 2512 1132 levissimae

164 1168 342 1215 essent,
385 1175 537 1202 omnes
583 1163 818 1217 explicare.
880 1162 1038 1218 Neque
1069 1168 1190 1204 certe
1221 1176 1300 1218 pro
1332 1167 1590 1220 argumento
1622 1161 1782 1203 afferre
1813 1161 1999 1204 debebat
2029 1162 2356 1217 Dahlmannus,
2398 1162 2511 1219 quod

164 1235 272 1277 dixit
294 1234 573 1290 Thucydides
599 1234 662 1287 II,
695 1240 764 1277 23.
812 1232 988 1289 ἄραντες
1020 1237 1066 1277 ἐκ
1096 1237 1179 1277 τῶν
1202 1234 1413 1290 Ἀχαρνῶν
1443 1234 1589 1291 ἐδῄουν
1618 1235 1705 1275 τῶν
1736 1234 1884 1289 δήμων
1897 1220 2032 1285 ’τίνας
2061 1234 2217 1286 ἄλλους
2246 1237 2330 1278 τῶν
2357 1237 2513 1290 μεταξῦ

164 1308 402 1364 Πάρνηθος
433 1308 508 1349 καί
538 1308 782 1372 Βριλέιζσου
814 1304 958 1362 ὁρους,
992 1308 1146 1364 quibus
1178 1309 1439 1364 probaretur
1468 1307 1744 1362 Deceleam,
1773 1320 1882 1364 quae
1910 1309 1971 1351 ibi
1999 1309 2091 1351 sita
2120 1314 2260 1363 esset,
2292 1314 2510 1352 vastatam

164 1394 282 1424 esse.
342 1381 457 1423 Nam
489 1383 799 1437 potuissentnc
832 1381 916 1423 dici
948 1380 1170 1424 Deceleae
1201 1384 1480 1438 pepercisse,
1518 1384 1558 1423 si
1588 1381 1673 1424 alio
1705 1386 1969 1438 movissent,
1992 1383 2050 1425 ‘in
2080 1381 2222 1425 locum
2252 1385 2395 1439 ipsum
2426 1395 2510 1424 now
2574 1383 2582 1392 '

163 1455 429 1498 venissent?

280 1528 345 1570 Ex
378 1528 658 1586 gravioribus
688 1528 822 1582 locis,
866 1528 920 1570 ad
960 1542 1070 1585 quos
1107 1542 1222 1572 nunc
1251 1528 1503 1571 tractandos
1533 1529 1792 1586 aggredior,
1832 1529 2026 1572 fortasse
2065 1528 2178 1572 alter
2217 1529 2287 1572 hic
2317 1533 2513 1585 praeter·

161 1601 401 1645 mittendus
434 1607 530 1644 erat
563 1600 659 1656 (ΙΙΙ,
696 1607 779 1656 15),
811 1616 940 1658 quum
972 1601 1034 1644 in‘
1046 1602 1168 1656 libro,
1201 1617 1329 1661 quem
1361 1617 1495 1660 supra
1525 1602 1579 1646 de
1609 1603 1714 1645 fatis
1745 1602 1941 1661 Aegypti
1971 1617 2040 1646 me
2071 1605 2306 1660 scripsisse
2337 1602 2511 1646 demon-

161 1680 300 1720 stravi
334 1682 447 1734 (pag.
481 1681 535 1719 55
568 1682 692 1732 sqq.),
725 1680 1003 1733 apertissime
1036 1691 1131 1720 eum
1157 1677 1247 1732 jam
1280 1676 1546 1733 explicuisse
1577 1677 1679 1720 mihi
1709 1677 1881 1732 videar,
1912 1683 2103 1720 attamen
2136 1692 2267 1734 quum
2298 1676 2372 1720 ille
2401 1677 2512 1721 liber

163 1764 249 1793 non
280 1749 375 1793 fere
415 1753 569 1806 cuique
601 1749 653 1792 ad
688 1764 841 1792 manus
873 1754 955 1804 sit,
996 1734 1186 1794 breviter
1216 1757 1437 1806 repetam,
1479 1763 1534 1793 ne
1575 1749 1629 1793 ad
1661 1749 1878 1804 editores,
1910 1753 1983 1807 qui
2012 1754 2132 1793 varie
2172 1751 2242 1793 hic
2273 1750 2509 1805 disserunt,

161 1836 267 1868 vera
299 1837 325 1866 a
355 1823 480 1865 falsis
513 1837 598 1865 non
632 1822 947 1877 dijudicantes,
990 1823 1327 1880 confugiendum
1359 1826 1430 1867 sit.
1492 1822 1745 1866 Herodotus
1785 1826 1920 1881 igitur
1958 1823 2033 1866 illo
2072 1823 2169 1866 loco
2198 1824 2349 1867 multis
2377 1838 2509 1882 argu-

158 1898 315 1940 mentis
347 1896 520 1953 probari
550 1902 712 1950 narrat,
745 1910 898 1953 regum
931 1895 1095 1938 liberos
1117 1911 1144 1939 a
1164 1896 1316 1939 Persis
1347 1897 1588 1939 honoratos
1620 1909 1738 1950 esse,
1772 1897 1815 1939 ἐν
1848 1896 1893 1938 δὲ
1924 1897 1978 1951 (522
2007 1896 2082 1939 καί
2111 1898 2226 1953 τῷδε,
2257 1898 2315 1954 τῷ
2342 1896 2511 1950 Λιβύας

157 1970 307 2027 Ἰνάρω
339 1970 464 2013 παιδί
501 1969 720 2028 Θαννύρᾳ,
765 1968 812 2020 ὂς
851 1970 1038 2024 ἀπέλαβε
1075 1970 1149 2025 τήν
1191 1969 1231 2013 οἱ
1271 1970 1291 2013 ὃ
1333 1971 1472 2026 πατῆρ
1504 1966 1587 2024 εἶχε
1618 1968 1773 2025 ἀρχήν·
1814 1970 1891 2013 καί
1928 1972 1986 2027 τῷ
2011 1968 2261 2025 Ἀμυρταίου
2292 1971 2508 2025 Παυσίρι·

162 2044 238 2088 καί
265 2045 344 2101 γιὶρ
376 2038 497 2094 οὗτος
529 2041 718 2097 ἀπέλαβε
748 2044 825 2099 τῆν
864 2045 937 2086 τοῦ
967 2045 1125 2100 πατρὸς
1166 2041 1322 2099 ἀρχήν·
1364 2043 1446 2086 καί
1475 2061 1541 2087 τοι
1568 2042 1717 2099 Ἰνάρω
1756 2060 1798 2087 τε
1837 2043 1912 2087 καὶ
1940 2043 2193 2099 Ἀμυρταίου
2231 2042 2417 2097 οὐδαμοί
2446 2060 2509 2086 κω

161 2120 341 2176 Πέρσας
373 2117 485 2160 κακά
516 2118 632 2159 πλέω
665 2118 918 2174 ἐργάσαντο·
952 2136 987 2160 κ.
1010 2136 1044 2160 τ.
1069 2123 1104 2160 λ.
1154 2117 1274 2176 Ergo
1307 2121 1484 2174 scripsit
1503 2118 1756 2162 Herodotus
1776 2123 1877 2172 post
1905 2131 2081 2174 reynwm
2099 2117 2348 2172 Amyrtaei,
2380 2132 2508 2174 quem

159 2207 255 2234 cum
288 2192 414 2233 Inaro
447 2192 730 2233 rebellionem
762 2193 1083 2248 Aegyptiorum
1115 2197 1198 2235 465
1231 2206 1269 2233 a.
1304 2191 1404 2233 Chr.
1437 2194 1629 2233 movisse
1661 2194 1837 2233 scimus.
1898 2190 2110 2248 Aegyptii
2152 2197 2297 2232 autem
2328 2193 2431 2233 victi
2463 2197 2508 2233 et

159 2266 289 2307 lnaro
322 2271 477 2306 necato
511 2265 591 2305 sub
624 2268 851 2320 imperium
886 2265 1117 2306 Persarum
1150 2265 1315 2307 redacti
1346 2270 1448 2307 sunt
1485 2268 1570 2307 456
1602 2269 1677 2306 aut
1717 2268 1801 2307 457
1831 2278 1869 2307 a.
1900 2263 2025 2319 Chr.,
2058 2277 2317 2320 quamquam
2351 2263 2508 2320 Amyr-

160 2345 289 2381 taeus
329 2337 560 2394 paludibus
599 2351 677 2393 per
719 2338 884 2394 aliquot
923 2353 1062 2380 annos
1103 2352 1152 2381 se
1192 2338 1430 2381 defendens
1470 2342 1601 2381 etiam
1643 2352 1724 2380 sex
1766 2340 1892 2380 annis
1929 2343 2031 2394 post
2069 2337 2123 2379 ab
2162 2336 2507 2379 Atheniensibus

160 2412 339 2468 adjutus
373 2418 443 2454 est
476 2411 604 2462 (Plut.
628 2411 734 2452 Cim.
757 2426 792 2453 c.
821 2417 901 2463 10).
955 2412 1082 2455 Quae
1113 2412 1269 2455 deinde
1301 2419 1434 2470 gesta
1464 2416 1575 2467 sint,
1607 2416 1827 2455 nescimus
1858 2412 2052 2468 quidem,
2084 2411 2354 2455 Herodotum
2385 2424 2505 2464 vero,

160 2488 232 2541 qui
262 2489 364 2537 post
402 2485 484 2525 has
525 2484 677 2525 turbas
710 2483 963 2540 Aegyptum
1004 2489 1254 2541 peragravit
1287 2485 1385 2539 (ΙΙΙ,
1421 2488 1517 2541 12),
1558 2489 1702 2528 omnia
1739 2491 1895 2541 pacata
1935 2486 2099 2528 vidisse
2139 2490 2335 2539 constat,
2376 2499 2506 2541 quum

160 2564 404 2601 conventus
437 2557 520 2600 diis
553 2558 801 2600 celebratos
825 2557 900 2612 (ll,
923 2563 1000 2611 96)
1025 2564 1067 2600 et
1097 2559 1261 2600 Persas
1293 2561 1334 2599 in
1368 2558 1599 2615 praesidiis
1630 2558 1870 2602 collocatos
1902 2559 2069 2602 videret
2102 2559 2178 2613 (ll,
2211 2564 2289 2615 3⁰3
2321 2558 2405 2614 ΙΙΙ,
2437 2564 2504 2612 9),

159 2647 302 2690 neque
334 2632 424 2674 ulla
454 2646 502 2673 re
536 2632 798 2688 prohibitum
830 2645 881 2674 se
916 2645 1019 2674 esse
1050 2638 1280 2686 memoret,
1322 2646 1406 2689 quo
1445 2636 1586 2675 minus
1625 2636 1666 2675 in
1707 2638 1843 2675 totam
1874 2637 2034 2675 terram
2067 2636 2328 2689 inquireret,
2370 2645 2505 2688 quare

159 2722 244 2749 non
278 2712 371 2759 est,
404 2707 519 2762 quod
552 2706 820 2759 dubitemus,
853 2711 943 2747 tum
976 2705 1227 2763 Aegyptum
1259 2706 1372 2747 bello
1405 2709 1537 2749 etiam
1575 2705 1803 2762 Amyrtaei
1838 2709 2079 2763 composito
2120 2709 2213 2748 suis
2244 2704 2415 2762 quidem
2445 2704 2505 2748 le-

161 2781 291 2837 gibus
323 2794 447 2821 usam
479 2794 563 2820 non
598 2793 722 2832 csse,
755 2780 858 2832 sed,
890 2786 937 2821 ut
970 2779 1222 2822 Herodotus
1253 2780 1407 2833 tradit,
1438 2780 1674 2836 populares
1706 2780 1914 2822 habuisse
1946 2793 2093 2838 reges.
2154 2779 2214 2820 At
2246 2781 2358 2820 enim
2390 2777 2504 2820 alter

159 2855 428 2910 Amyrtaeus
460 2869 486 2895 a
518 2854 786 2895 Manethone
819 2854 1063 2909 profertur,
1094 2859 1264 2895 mortuo
1298 2853 1432 2895 Dario
1464 2854 1613 2895 Notho
1644 2840 1896 2910 Aegffptum
1930 2853 2155 2906 obtinens,
2188 2866 2371 2908 quocum
2404 2864 2504 2892 nos-

159 2933 228 2971 ter
258 2927 371 2970 falso
404 2942 431 2969 a
462 2926 683 2981 plerisque
714 2933 999 2981 permutatur.
1060 2926 1172 2968 Nam
1206 2925 1453 2983 Aegyptios
1486 2941 1598 2968 anno
1637 2931 1793 2981 quarto
1823 2926 1984 2968 decimo
2015 2926 2140 2967 Darii
2187 2931 2278 2977 (411
2315 2940 2353 2968 a.
2387 2925 2502 2976 Chr.)

159 3015 314 3044 rursus
345 2999 590 3043 rebellasse
631 3005 675 3041 et
715 3013 853 3055 usquc
904 3000 957 3042 ad
998 3002 1267 3042 invasionem
1307 2998 1429 3042 Darii
1469 2998 1580 3042 Ochi
1621 3003 1715 3042 suis
1752 3000 1927 3057 legibus
1966 3003 2149 3055 suisque
2190 2999 2370 3056 regibus
2401 3012 2504 3042 esse

159 3088 267 3116 usos
300 3073 597 3116 demonstravi
628 3059 737 3115 libro
769 3077 948 3129 saepius
980 3073 1155 3116 laudato
1189 3087 1288 3130 pag.
1312 3078 1380 3127 55,
1413 3079 1458 3117 et
1489 3073 1703 3129 explicavi
1734 3074 1973 3116 Diodorum
2005 3073 2046 3126 l,
2079 3079 2147 3115 44.
2180 3073 2233 3115 ab
2265 3073 2504 3116 editoribus

160 3160 295 3203 prave
328 3147 611 3189 intellectum.
673 3147 822 3190 Quare
864 3161 995 3203 quum
1028 3146 1239 3190 Manetho
1282 3160 1413 3203 reges
1444 3147 1694 3204 Aegyptios
1733 3152 1834 3200 post
1863 3151 2078 3189 namnum
2119 3146 2286 3189 demum
2319 3145 2506 3188 Darium

159 3219 349 3264 Nothum
381 3227 486 3276 (404
520 3235 559 3265 a.
593 3220 719 3276 Chr.)
753 3227 1005 3276 enumeret,
1050 3225 1093 3264 in
1135 3234 1331 3265 errorem
1373 3224 1605 3265 maximum
1647 3235 1698 3265 se
1739 3220 1883 3264 induci
1921 3224 2043 3278 passi
2080 3227 2182 3264 sunt
2212 3219 2429 3263 Eusebius
2460 3223 2506 3262 et
