2769 3754
1429 190 1464 254 Q

272 313 642 367 Achaemenides»,
673 326 787 370 gens
808 313 988 356 Persica
1019 313 1099 354 fuit
1132 312 1186 367 (Ι,
1213 317 1332 366 125).
1365 312 1489 355 Unde
1520 314 1652 355 etiam
1672 314 1840 367 ,postea
1868 309 2039 354 Persae
2064 308 2228 369 Magos
2257 309 2413 356 fraude
2441 309 2615 358 detecta

270 390 366 431 fere
407 401 559 429 omnes
598 386 869 429 trucidarunt
905 386 1155 441 festumque
1196 385 1308 429 diem
1340 386 1681 444 Magophoniam
1717 389 1915 442 egerunt*
1938 383 2044 438 (Ill,
2075 382 2436 446 'IMQDefectm
2480 389 2615 444 igitur

270 461 504 517 Magorum
536 460 618 502 fuit
650 466 834 502 conatus
864 458 1094 500 Medorum
1133 462 1362 514 imperium
1404 459 1458 501 ab
1487 459 1692 515 Astyage
1732 463 1886 501 contra
1913 456 2078 499 Persas
2118 458 2328 499 amissum
2358 459 2611 513 recipiendi,

268 532 383 590 quod
422 536 588 588 apertis
627 533 775 574 verbis
814 535 909 587 ipse
949 530 1193 587 Cambyses
1235 536 1425 575 moriens
1464 531 1568 574 dicit
1608 530 1714 587 (111,
1746 534 1839 584 65).
1898 529 1968 573 ob
2007 532 2245 586 imperium-
2274 532 2389 573 enim
2430 518 2612 575 fuerunt

266 606 437 655 Persae
467 610 702 663 in‘magna
733 605 891 646 invidia
921 603 1175 659 Medorum,
1222 619 1335 661 quae
1364 605 1457 661 jam
1488 604 1753 647 divinatione
1783 603 2016 663 Magorum
2047 602 2101 646 de
2132 601 2251 660 Cyro
2281 616 2418 660 puero
2448 603 2610 649 delibe-

265 683 452 735 rantium
487 678 540 733 (Ι,
572 684 651 720 120
673 678 727 720 cf.
751 678 790 731 1,
816 683 911 732 129)
944 679 1233 736 significatur,
1266 692 1408 736 neque
1439 681 1576 721 nescii
1607 683 1732 720 erant
1752 677 1922 722 Persae
1950 678 2070 721 illius
2101 676 2288 721 invidiae
2320 677 2390 730 (cf.
2410 676 2608 732 ulma).

268 753 418 796 Quare
448 753 598 809 Magis
630 752 873 795 interfectis
904 754 1058 795 turbae
1091 757 1366 796 exorirentur
1396 765 1584 795 necesse
1612 751 1716 806 fuit,
1755 765 1886 808 quum
1917 752 2040 794 Medi
2076 755 2302 808 imperium
2334 751 2607 809 affectarent,

267 827 433 870 Persae
481 833 724 869 tuerentur.
796 826 1018 870 Memorat
1066 843 1151 869 non
1195 832 1364 870 tantum
1409 829 1522 871 hanc
1566 832 1756 883 ταραχήν
1800 830 2022 870 occisione
2063 825 2296 883 Magorum
2345 829 2607 871 concitatam

267 899 367 952 (ΙΙΙ,
403 904 520 951 150.)
556 926 608 932 -
644 914 741 941 nam
776 903 1004 955 imperium
1036 900 1124 942 illis
1155 901 1405 941 tenentibus
1446 902 1590 941 omnia
1619 901 1766 955 quieta
1806 904 1932 941 erant
1962 925 2015 932 —
2047 898 2128 942 sed
2157 912 2254 941 eam
2285 897 2388 941 dicit
2419 901 2550 941 etiam
2580 913 2606 942 a

264 972 411 1015 Medis
443 976 670 1029 imperium
703 973 1114 1028 concupiscentibus
1146 985 1247 1014 esse
1279 976 1540 1015 concitatam
1571 971 1653 1025 ΙΙΙ,
1688 975 1790 1014 126:
1828 971 1969 1029 χρόνῳ
2001 971 2047 1014 δὲ
2077 970 2127 1014 οὐ
2156 973 2298 1028 πολλῷ
2329 970 2504 1028 ὕστερον
2531 972 2607 1014 καὶ

259 1046 446 1102 Ὀροίτεα
479 1046 777 1102 Πολυκράτεος
808 1046 937 1095 τίσιες
976 1047 1197 1100 μετῆλθον.
1240 1048 1347 1098 μετὰ
1386 1048 1464 1103 γὰρ
1506 1047 1578 1089 τόν
1606 1044 1851 1098 Καμβύσεω
1888 1044 2076 1088 θάνατον
2111 1044 2187 1088 καί
2215 1047 2299 1087 τῶν
2329 1045 2502 1100 Μάγων
2529 1047 2606 1101 τῆν

264 1123 496 1175 βασιληῖην
524 1120 665 1172 μένων
695 1120 739 1161 ἐν
769 1121 865 1175 τῇσι
896 1118 1073 1173 Σάρδισι
1092 1118 1276 1174 Ὀροίτης
1311 1118 1465 1175 ω’φέλει
1495 1119 1572 1172 μὲν
1602 1118 1722 1161 οὐδὲν
1742 1118 1920 1174 Πέρσας
1949 1118 2046 1161 ὑπὸ
2078 1119 2285 1174 Μήδων
2314 1118 2606 1176 ἄπαραιρης-

262 1195 461 1249 μένους
501 1197 595 1248 τῆν
634 1191 819 1248 ἀρχῆν·
860 1190 881 1234 ὃ
914 1192 959 1234 δὲ
991 1195 1034 1234 ἐν
1062 1191 1191 1250 ταύτῃ
1222 1194 1273 1250 τῇ
1312 1195 1478 1251 ταραχῇ
1518 1193 1626 1236 κατὰ
1653 1192 1730 1247 μὲν
1759 1191 1910 1235 ἔκτεινε
1941 1192 2224 1250 Μιτροβάτεα
2254 1195 2328 1235 τόν
2359 1194 2405 1236 ἐκ
2433 1195 2606 1236 Δασκυ-

264 1268 379 1308 λείου
420 1265 629 1322 ὕπαρχον,
672 1265 719 1316 ὂς
846 1296 855 1306 .
897 1265 1010 1307 ἄλλα
1046 1282 1087 1308 τε
1127 1266 1313 1322 ἐξύβρισε
1353 1273 1535 1309 παντοῖα
1576 1268 1655 1309 καί
1686 1282 1780 1309 τινα
1821 1265 2052 1322 α’γγαρήϊον
2079 1266 2264 1323 Δαρείου
2293 1265 2475 1310 ἐλθόντα
2504 1267 2606 1323 7'za9‘

265 1340 412 1393 αὐτόν,
452 1339 508 1390 ὥς
540 1340 589 1382 οὕ
618 1341 722 1396 πρὸς
753 1338 906 1395 ἡδονήν
936 1338 976 1381 οἱ
1009 1334 1058 1393 ἦν
1086 1341 1139 1382 τὰ
1169 1338 1478 1394 ἀγγελλόμενα,.
1508 1341 1654 1383 κτείνει
1682 1357 1755 1394 μιν
1786 1339 1926 1383 ὀπίσω
1959 1342 2235 1394 κομιζόμενον.
2254 1371 2295 1382 ...
2313 1372 2324 1382 .
2343 1372 2381 1382 ..
2422 1343 2605 1398 Δαρεῖος

263 1416 312 1456 δὲ
345 1413 409 1464 ὥς
439 1413 555 1467 ἔσχε
585 1415 678 1468 τῆν
710 1413 893 1468 ἀρχήν,
927 1414 1131 1466 ἐπεθύμεε
1161 1416 1232 1455 τόν
1259 1414 1445 1469 Ὀροίτεα
1475 1415 1688 1455 τίσασθαι
1718 1444 1756 1454 ..
1777 1443 1815 1456 ..
1858 1414 1905 1456 ἐκ
1941 1414 2019 1466 μὲν
2056 1415 2106 1468 δὴ
2142 1415 2216 1468 τῆς
2258 1414 2393 1468 ἰθείης
2424 1417 2605 1471 στρατὸν

263 1487 328 1529 ἐπ’
360 1486 488 1529 αὐτὸν
527 1486 602 1528 οὐκ
644 1486 778 1528 ἐδόκεε
825 1478 1001 1539 πέμᾶτειν
1046 1484 1129 1527 ἅτε
1179 1485 1226 1528 οἱ
1276 1486 1561 1529 οἰδεόντων
1607 1485 1685 1528 ἔτι
1730 1487 1834 1528 τῶν
1882 1485 2222 1541 πραγμάτων,
2271 1486 2362 1529 καὶ
2410 1488 2606 1531 νεωστὶ

264 1559 401 1613 ἔχων
431 1565 524 1615 τήν
555 1559 614 1616 ἀρ
620 1562 688 1615 χὴ
699 1576 721 1601 ν
751 1560 826 1600 καί
855 1562 925 1600 τὸν
942 1560 1126 1614 Ὀροίτεα
1156 1560 1339 1614 μεγάλην
1368 1563 1444 1614 τῆν
1476 1559 1597 1612 ἴσχυν
1626 1557 1939 1610 πυνθανόμενος
1970 1557 2079 1612 ἔχειν
2096 1575 2131 1600 κ.
2153 1575 2189 1602 τ.
2208 1561 2243 1616 λ.
2276 1557 2440 1602 Darius
2470 1562 2605 1617 igitur

266 1637 493 1689 imperium
527 1633 678 1675 Persis
709 1637 959 1674 restitutum
992 1637 1161 1692 magnis
1193 1633 1500 1676 certaminibus
1531 1632 1585 1674 ab
1604 1631 1749 1674 Medis
1780 1630 1988 1687 defendit,
2019 1637 2067 1675 ut
2097 1638 2198 1689 post
2229 1631 2401 1689 aliquod
2433 1631 2605 1676 demum

266 1713 441 1760 tempus
472 1720 655 1763 regnum
686 1707 901 1759 firmaret,
945 1707 1075 1763 idque
1106 1713 1324 1748 certamen
1356 1709 1499 1747 animo
1531 1704 1745 1747 Herodoti
1774 1704 2000 1748 obversari
2031 1709 2244 1764 oportuit,
2275 1706 2328 1749 de
2356 1706 2605 1761 principatu

265 1780 489 1820 Medorum
519 1779 691 1834 ejusque
717 1781 802 1835 fine
833 1781 1006 1821 dicenti.

382 1854 528 1908 Atque
560 1869 688 1909 quum
721 1855 830 1895 haec
861 1858 1137 1909 potissimum
1177 1861 1301 1908 sunt,
1340 1855 1498 1911 quibus
1530 1858 1748 1908 nituntur,
1790 1857 1861 1910 qui
1892 1853 2162 1896 Herodotum
2201 1867 2339 1910 usque
2378 1854 2432 1897 ad
2471 1854 2601 1898 finem

263 1927 369 1970 belli
409 1928 776 1982 Peloponnesiaci
815 1931 982 1970 vixisse
1029 1928 1319 1979 contendunt,
1366 1943 1451 1969 non
1490 1927 1583 1981 jam
1623 1931 1731 1991 erit,
1774 1929 1888 1982 quod
1939 1928 2111 1968 dubites
2156 1928 2414 1981 Dionysium
2459 1934 2598 1983 sequi.

266 1999 494 2056 Reliquum
527 2005 620 2055 est,
665 2014 794 2056 quum
826 1999 1102 2055 conjecturas
1134 2003 1424 2043 recentiorum
1455 1999 1762 2055 rejecerimus,
1808 2006 1855 2042 ut
1893 2000 2005 2043 hanc
2036 2016 2208 2056 quoque
2239 2007 2450 2043 rationem
2482 2007 2600 2044 inea·

263 2081 384 2128 mus,
422 2087 506 2130 qua
536 2087 596 2116 ex
625 2089 752 2128 opere
781 2073 999 2117 Herodoti
1037 2076 1134 2128 ipso
1169 2074 1489 2118 demonstretur
1525 2075 1768 2126 posteriore
1805 2089 1898 2115 eum
1927 2080 2138 2127 tempore,
2179 2089 2304 2130 quam
2334 2089 2415 2129 quo
2443 2077 2601 2129 Diony-

263 2148 359 2192 sius
389 2147 583 2202 daverit,
624 2147 840 2191 historias
870 2146 1076 2205 conficere
1104 2162 1185 2192 mm
1210 2147 1304 2206 sere
1332 2148 1540 2202 potuisse.
1601 2146 1828 2205 Leguntur
1866 2151 1979 2191 enim
2010 2149 2220 2204 quaedam
2259 2148 2373 2203 apud
2403 2148 2600 2194 Herodo-

261 2228 381 2276 tum,
413 2234 524 2278 quae
556 2224 597 2262 ei
628 2221 846 2276 mutanda,
880 2221 1182 2265 desiderantur
1212 2221 1311 2275 alia,
1343 2235 1453 2277 quae
1485 2219 1727 2276 adjicienda
1745 2220 1886 2265 fuisse
1906 2220 2126 2275 videntur,
2158 2225 2197 2264 si
2220 2221 2382 2264 diutius
2404 2225 2600 2265 vixisset.

263 2295 310 2336 ln
353 2309 480 2352 quam
527 2295 866 2351 disputationem
892 2294 1228 2352 ‘ingredientem
1276 2308 1345 2338 me
1382 2309 1466 2338 non
1504 2297 1740 2351 praeterit,
1786 2308 1914 2352 quam
1953 2293 2129 2338 difficile
2169 2298 2228 2338 sit
2266 2308 2321 2339 ex
2360 2298 2439 2351 iis,
2488 2310 2601 2353 quae

263 2372 454 2424 scriptor
485 2383 569 2410 non
602 2373 900 2422 annotaverit,
938 2368 1167 2424 quidquam
1208 2368 1442 2426 colligere,
1479 2374 1742 2424 praesertim
1783 2382 1912 2425 quum
1944 2368 2194 2413 Herodotus
2235 2369 2455 2426 aliquanto
2497 2378 2600 2413 ante

262 2455 288 2485 e
321 2441 506 2485 Graecia
536 2444 841 2499 emigraverit,
874 2455 1001 2498 quam
1033 2455 1145 2497 opus
1175 2441 1423 2484 conficeret.
1485 2441 1626 2485 Quam
1656 2441 1792 2485 multa
1822 2456 1920 2486 eum
1949 2443 2155 2501 fugerent
2186 2447 2382 2500 quamvis
2413 2458 2601 2502 cognos-

261 2516 389 2558 cendi
430 2515 654 2572 cupidum,
697 2529 824 2573 quam
856 2514 970 2557 falso
1002 2514 1137 2556 multa
1174 2514 1446 2559 referrentur
1483 2519 1696 2572 oportuit,
1738 2529 1849 2573 quae
1880 2519 1922 2559 in
1960 2516 2115 2560 librum
2161 2516 2405 2560 transferre
2436 2518 2596 2560 nollet!

256 2589 472 2644 Accedit,
515 2589 630 2646 quod
666 2589 829 2631 multas
868 2602 942 2630 res
984 2595 1229 2644 compertas
1266 2589 1438 2643 habuit,
1470 2603 1633 2646 easque
1662 2590 1929 2633 memorandi
1959 2594 2089 2633 etiam
2121 2595 2294 2633 occasio
2317 2605 2411 2633 ·non
2445 2590 2599 2645 defuit,

261 2670 453 2706 attamen
484 2679 570 2705 non
602 2663 786 2718 adjecit,
826 2667 926 2719 quia
965 2669 1041 2704 aut
1080 2677 1396 2718 supervacuum
1436 2664 1686 2718 videbatur,
1727 2670 1804 2706 aut
1841 2677 1869 2706 a
1906 2668 2132 2720 proposito
2171 2665 2377 2707 aberrare
2409 2663 2598 2706 nolebat.
2662 2659 2681 2667 ‘

263 2737 320 2779 Ut
357 2738 604 2792 exemplum
646 2736 874 2778 admodum
912 2750 1053 2792 -grave
1092 2736 1336 2790 proferam,
1377 2741 1555 2792 saepius
1593 2743 1804 2779 memorat
1834 2736 2104 2793 Myrcinum,
2146 2739 2294 2779 urbem
2327 2738 2515 2779 Histiaei
2556 2743 2601 2778 et

264 2825 419 2854 novem
460 2813 576 2865 viaS,
616 2823 728 2866 quae
760 2808 1035 2863 dicebantur,
1077 2814 1121 2851 et
1160 2808 1336 2851 metalla
1366 2808 1626 2853 Thasiorum
1668 2809 1743 2865 (V,
1778 2815 1843 2852 11.
1883 2814 1951 2853 23.
1987 2816 2081 2854 126.
2123 2811 2200 2865 Vl,
2231 2816 2300 2854 46.
2344 2809 2447 2864 Vll,
2481 2816 2600 2863 114),

260 2899 435 2942 pugnae
466 2884 802 2927 Atheniensium
834 2896 1006 2939 quoque
1039 2881 1103 2924 de·
1124 2881 1311 2924 metallis
1342 2889 1499 2939 postea
1536 2897 1631 2926 cum
1663 2882 1886 2926 Edonibus
1925 2887 2185 2927 commissae
2218 2884 2324 2939 (1X„‚
2355 2887 2473 2937 75.)‚
2513 2898 2599 2926 non

262 2958 387 3012 dicit,
428 2959 529 3000 illas
567 2970 723 2999 novem
753 2959 848 2998 vias
878 2961 1037 3012 postea
1074 2960 1310 2998 constituta
1348 2957 1519 3000 colonia
1546 2956 1881 3000 Atheniensium
1910 2955 2202 3014 Amphipolim
2234 2962 2456 3011 vocatam,
2487 2955 2600 2999 Tha·

262 3034 514 3088 siorumque
552 3030 722 3073 reditus
769 3043 824 3071 ex
863 3029 1053 3071 metallis
1094 3029 1148 3071 ab
1185 3029 1526 3072 Atheniensibus
1564 3042 1669 3073 esse
1709 3033 2061 3087 circumscriptos
2100 3031 2250 3084 (Thuc.
2290 3030 2332 3085 Ι,
2368 3035 2479 3085 100).
2540 3030 2601 3073 At

261 3120 367 3148 vero
399 3110 501 3162 quin
543 3111 646 3148 ante
686 3104 852 3146 cladem
884 3103 1218 3146 Atheniensium
1258 3107 1301 3144 iu
1333 3102 1482 3145 Sicilia
1521 3108 1747 3161 acceptam
1778 3116 1889 3160 opus
1920 3103 2179 3159 condiderit,
2220 3107 2392 3148 minime
2424 3109 2493 3149 est
2523 3102 2598 3147 du-

261 3179 497 3236 bitandum,
529 3194 660 3238 quum
675 3178 769 3235 vll,
801 3183 882 3222 170
913 3178 1208 3223 calamitatem
1223 3176 1556 3222 Tarentinorum
1588 3183 1633 3221 et
1651 3176 1953 3236 Rheginorum
1982 3181 2170 3222 omnium
2199 3181 2427 3223 maximam
2458 3177 2599 3222 fuisse
