2769 3754
1338 161 1373 211 ὃ

179 288 329 335 πόλιν·
362 289 559 344 ,Καύνιοι
589 278 635 335 δὲ
672 289 785 349 αὐτῷ
812 288 891 344 μὲν
928 288 1208 345 παραδιδόναι
1237 288 1314 344 τῆν
1341 287 1465 330 πόλιν
1494 286 1707 343 ἔφασκον·
1745 285 1994 341 Ἀθηναίοις
2034 286 2079 329 δὲ
2108 292 2200 343 τρῖς
2230 291 2521 349 συνεπομένοις

186 363 263 413 οὐκ
290 362 374 413 ἔτι·
416 364 584 408 εἰσιόντι
620 364 667 407 δὲ
694 363 894 421 Ζωπύρῳ
931 363 990 413 εἷς
1027 363 1074 405 τό
1114 364 1256 417 τεῦχος
1293 361 1418 404 λίθον
1441 360 1637 416 ’Λλκίδης
1668 360 1854 411 Καύνιος
1884 361 2084 414 ἐμβάλλει
2116 363 2173 412 εἷς
2211 365 2287 418 τῆν
2318 366 2518 421 κεφαλῆν,

183 437 261 483 καὶ
288 436 400 488 οὕτω
428 438 639 496 Ζώπυρος
668 435 949 494 ἀποθνήσκει·
978 431 1196 494 Ἄμιστρις
1235 435 1282 478 δὲ
1316 433 1344 492 ἦ
1373 434 1524 492 μάμμη
1560 435 1635 477 τὸν
1663 434 1850 477 Καύνιον
1881 432 2219 491 ἀνεσταύρωσεν·
2260 437 2519 494 ἀποθνήσκει

184 512 231 573 δὲ
261 513 337 561 καὶ
355 511 425 570 (ἦ)
445 509 675 569 ’Ἀμιστρις
704 511 842 577 κρρτα
869 512 1001 568 γραῦς
1027 511 1246 568 γενομένη·
1277 510 1352 566 naq*
1374 508 1646 568 Ἀρταξέρξης
1676 509 1720 552 δὲ
1742 509 2001 567 ἀποθνήσκει
2028 509 2070 565 μ’
2104 510 2179 553 καί
2208 511 2243 567 β’
2276 511 2371 554 ἔτεα
2392 515 2517 567 βασι-

181 585 345 639 λεύσας.
414 585 694 645 Megabyzus
735 586 810 629 ille
848 591 976 643 pater
1014 585 1179 643 Zopyri
1222 584 1514 643 profugientis
1551 583 1712 626 bellum
1751 583 2019 643 Aegyptium
2059 590 2212 626 contra
2256 585 2431 627 lnarum
2471 593 2516 628 et

180 659 484 710 Athenienses,
508 657 772 705 auxiliantes
802 658 1054 703 confecerat
1082 663 1168 703 457
1197 672 1237 701 a.
1259 657 1360 700 Chr.
1391 662 1438 699 et
1467 670 1595 714 quum
1625 661 1809 714 captivis
1828 658 2173 701 Atheniensibus
2204 665 2357 702 contra
2385 660 2515 703 fidem

175 734 326 795 ,datam
354 735 524 793 necatis
555 732 844 778 obedientiam
872 736 968 791 regi
997 737 1249 787 recusaret,
1290 732 1421 775 exilio
1462 732 1671 775 multatus
1715 738 1797 775 est.
1859 733 1995 775 Sexto
2034 747 2147 777 anno
2178 739 2284 790 post
2321 738 2515 777 reconci-

178 807 312 852 liatus
340 810 440 866 regi
468 806 658 864 praefuit
688 806 897 849 militibus
928 813 1079 849 contra
1108 806 1334 848 Cimonem
1365 808 1511 848 missis
1541 811 1626 850 449
1658 820 1697 849 a.
1730 806 1830 849 Chr.
1863 806 2064 859 (Diodor.
2091 807 2193 862 XII,
2217 814 2275 862 4)
2307 814 2352 850 et
2382 808 2513 864 paulo

177 889 281 941 post
309 888 506 926 mortuus
537 887 620 924 est.
680 880 826 938 Atque
848 895 985 939 vquum
1018 886 1149 924 etiam
1171 880 1346 938 Amytis
1378 895 1487 923 uxor
1516 897 1601 925 non
1633 881 1768 924 multo
1800 884 1862 923 ita
1890 887 1992 937 post
2021 887 2205 924 mortem
2237 882 2378 924 obiret
2409 881 2513 937 (Ex-

177 962 313 1015 cerpt.
345 956 465 1000 Ctes.
496 955 525 999 l.
556 956 629 1010 1.),
661 955 866 1013 Zopyrus
909 955 1093 1011 defecit,
1124 956 1411 1014 Athenasque
1441 956 1666 1013 profectus
1699 960 1782 998 est.
1843 954 1968 998 Quae
2000 969 2073 997 res
2104 958 2177 998 vix
2207 955 2323 998 ultra
2354 970 2512 999 annum

176 1034 261 1074 44⁰
291 1043 331 1072 a.
363 1028 463 1071 Chr.
494 1029 758 1086 proferenda
789 1032 886 1083 erit,
916 1032 989 1085 qui
1018 1034 1089 1071 est
1118 1042 1259 1071 annus
1289 1033 1488 1087 quintus,
1517 1036 1750 1088 postquam
1781 1028 2033 1074 Herodotus
2065 1028 2256 1070 Thurios
2286 1029 2512 1085 profectus

174 1109 259 1163 est.
319 1103 469 1147 Quare
498 1106 632 1146 etiam
664 1117 749 1145 non
778 1103 1056 1162 repugnabo,
1086 1106 1127 1145 si
1157 1106 1276 1160 quis,
1306 1117 1418 1160 quae
1447 1105 1579 1148 verba
1609 1117 1741 1160 supra
1771 1116 1827 1145 ex
1858 1103 2084 1144 Herodoto
2116 1101 2199 1157 111,
2235 1108 2328 1145 160.
2368 1104 2511 1159 attuli,

174 1185 332 1237 postea
360 1179 415 1222 ab
446 1192 499 1221 eo
532 1181 790 1235 interposita
821 1192 924 1221 esse
960 1184 1142 1222 statuat.
1203 1178 1332 1221 Quod
1365 1178 1546 1236 denique
1577 1182 1772 1238 gesserit
1805 1178 2032 1231 Amistris,
2078 1184 2218 1220 mater
2250 1178 2511 1221 Artaxerxis

172 1252 412 1308 γηράσασα,
444 1255 586 1308 magis
618 1255 773 1293 mirum
803 1257 888 1306 est,
920 1252 1148 1309 quomodo
1169 1256 1224 1294 iis
1254 1267 1413 1295 annum
1445 1256 1596 1295 mortis
1617 1252 1876 1294 Artaxerxis
1908 1251 2088 1292 indicari
2108 1251 2347 1305 arbitreris,
2380 1266 2510 1307 quum

170 1327 258 1382 jam
288 1326 510 1383 aliquanto
529 1319 645 1368 'ante
675 1339 858 1383 regnum
889 1325 943 1367 ab
975 1340 1027 1368 eo
1060 1332 1314 1383 susceptum
1346 1328 1505 1370 multos
1535 1326 1610 1369 illa
1639 1325 1823 1369 vidisset
1863 1338 2023 1378 annos,
2063 1338 2174 1380 quos
2206 1327 2510 1367 matriomonia

171 1399 358 1441 filiorum
389 1399 576 1454 probant
606 1398 747 1450 (Ctes.
780 1412 817 1439 c.
840 1403 908 1439 20.
940 1398 1101 1440 Herod.
1123 1398 1208 1454 IX,
1233 1405 1315 1442 108
1340 1409 1472 1456 sqq.),
1502 1404 1625 1457 isque
1656 1398 1943 1454 quadraginta
1973 1397 2083 1439 duos
2115 1412 2254 1440 annos
2286 1406 2507 1455 regnaret.

287 1471 418 1515 Quod
449 1471 544 1513 fieri
574 1471 713 1525 solet,
755 1475 793 1512 si
822 1472 1021 1513 homines
1053 1476 1256 1527 opinione
1287 1475 1430 1529 magis
1461 1486 1586 1527 quam
1617 1485 1667 1513 re
1699 1471 1936 1524 ducuntur,
1985 1476 2031 1512 ut
2072 1471 2203 1513 verba
2234 1475 2364 1513 etiam
2397 1472 2509 1515 male

144 1598 146 1600 V
172 1550 513 1601 interpretantes
554 1544 670 1587 illam
706 1544 892 1600 probare
924 1543 1151 1598 studeant,
1196 1544 1239 1586 id
1269 1548 1418 1587 nescio
1460 1558 1514 1586 an
1545 1548 1600 1585 iis
1631 1543 1862 1598 acciderit,
1906 1546 1978 1600 qui
2009 1546 2302 1585 narrationem
2336 1559 2508 1601 quoque

171 1619 251 1673 IX,
282 1622 351 1662 73.
394 1617 448 1661 de
493 1616 840 1660 Deceleensibus
878 1618 1091 1673 prolatam
1135 1619 1203 1661 hic
1246 1623 1478 1661 arcessunt
1517 1631 1656 1674 eaque
1698 1620 1904 1659 nituntur.
1977 1617 2076 1660 Quo
2116 1618 2214 1659 loco
2256 1617 2506 1660 Herodotus

168 1695 340 1748 raptum
371 1690 568 1734 Helenae
598 1705 626 1734 a
656 1690 833 1734 Theseo
865 1694 1143 1734 commissum
1174 1697 1350 1746 narrat,
1389 1705 1514 1750 quam
1552 1694 1872 1754 investigantes
1905 1689 2181 1747 Tyndaridas
2212 1694 2504 1734 incursionem

168 1768 212 1808 in
244 1764 432 1808 Atticam
465 1764 628 1808 fecisse
659 1764 1051 1823 adjuvantibusque
1081 1772 1156 1809 aut
1187 1765 1535 1809 Deceleensibus
1565 1754 1641 1809 aut
1662 1765 1827 1809 Decelo
1859 1769 1954 1822 ipso
1988 1779 2083 1808 eam
2115 1765 2330 1823 Aphidnis
2363 1765 2504 1808 occul-

167 1844 302 1882 tatam
333 1841 571 1895 recepisse.
638 1842 759 1881 Τοῖσι
791 1839 836 1881 δὲ
865 1841 1088 1881 Δεκελεῦσι
1118 1839 1162 1882 ἐν
1187 1839 1358 1898 Σπάρτῃ
1392 1839 1474 1883 ἀπὸ
1502 1844 1647 1883 τοὺτου
1676 1842 1750 1882 τοῦ
1781 1840 1903 1896 ἔργου
1934 1840 2093 1895 ἀτελείη
2125 1857 2167 1882 τε
2198 1841 2272 1882 καί
2303 1842 2502 1895 προεδρίη

168 1912 370 1956 διατελέει
400 1913 444 1963 ἐς
474 1912 566 1954 τόδε
598 1912 684 1954 αἰεί
713 1911 776 1954 ἔτι
806 1913 947 1964 ἐοῦσα,
980 1910 1115 1955 οὕτω
1148 1911 1276 1955 ὥστε
1306 1913 1396 1956 καί
1427 1914 1478 1964 ἐς
1508 1915 1597 1957 τόν
1625 1913 1851 1967 πόλεμον
1880 1915 1967 1956 τόν
1996 1911 2219 1969 ὕστερον
2247 1918 2503 1956 πολλοῖσι

168 1986 308 2029 ἔτεσι
343 1985 542 2028 τούτων
580 1984 858 2038 γενόμενον
885 1983 1241 2040 Ἀθηναίοισί
1272 2003 1324 2029 τε
1365 1987 1455 2029 καί
1492 1988 2009 2043 Πελοποννησίοισι,
2045 1987 2374 2039 σινεομένων
2414 1988 2504 2041 την

168 2056 333 2113 ἄλλην
368 2056 599 2111 Ἀττικήν
639 2059 1120 2111 Λακεδαιμονίων,
1162 2061 1432 2114 Δεκελέης
1474 2060 1825 2113 ἀποσχέσθαι.
1897 2061 2022 2102 Quae
2064 2060 2196 2101 verba
2240 2060 2292 2101 ad
2344 2075 2502 2101 annum

167 2131 535 2175 undevicesimum
567 2130 670 2173 belli
702 2135 800 2184 (412
821 2145 859 2173 a.
883 2130 1015 2186 clm),
1048 2146 1133 2189 quo
1165 2133 1277 2191 Agis
1307 2133 1544 2176 Deceleam
1575 2140 1830 2190 occupatam
1861 2137 1901 2174 in
1934 2136 2163 2174 maximum
2197 2132 2502 2174 detrImentum

166 2205 501 2248 Atheniensium
545 2197 797 2260 n'iuniverit,
839 2220 925 2247 non
973 2209 1069 2247 sine
1110 2206 1297 2263 quadam
1339 2208 1628 2263 imprudentia
1669 2209 1829 2250 reterri
1869 2208 1961 2262 jam
2004 2210 2248 2248 rectissime
2289 2207 2503 2261 judicavit

166 2278 520 2337 Wesselingius,
569 2292 710 2334 neque
748 2292 853 2320 vero
895 2279 1124 2320 verborum
1165 2293 1301 2320 sensu
1343 2280 1546 2322 obstante
1587 2285 1649 2323 ita
1685 2285 1946 2336 scriptorum
1987 2281 2210 2336 explicare
2252 2285 2501 2322 sententias

163 2353 280 2395 licet.
340 2352 510 2411 Negari
548 2353 720 2410 quidem
763 2356 934 2394 omnino
976 2367 1062 2395 non
1102 2358 1251 2409 potest
1287 2353 1392 2395 belli
1430 2355 1712 2410 temporibus
1740 2358 1872 2399 mista
1911 2358 2077 2411 passim
2109 2368 2205 2396 cum
2236 2357 2353 2396 veris
2386 2368 2500 2395 com-

165 2432 311 2468 menta
339 2430 516 2484 vagari,
556 2426 635 2468 sed
668 2441 753 2468 non
783 2432 871 2468 tam
903 2427 1036 2484 longe
1068 2427 1287 2470 distabant
1319 2427 1471 2469 Thurii
1511 2428 1564 2469 ab
1595 2425 1809 2482 Athenis,
1840 2442 1983 2485 neque
2023 2434 2148 2470 erant
2188 2428 2388 2470 coloniae
2419 2427 2500 2470 Ita-

165 2498 276 2542 licae
307 2500 393 2542 illis
425 2501 692 2556 temporibus
724 2503 786 2542 ita
815 2500 1042 2555 sejunctae
1074 2515 1101 2543 a
1133 2501 1338 2556 Graecis,
1382 2506 1484 2559 quin
1517 2501 1641 2544 falsis
1673 2506 1853 2545 remotis
1884 2516 1958 2544 res
1990 2502 2167 2557 majoris
2199 2504 2406 2543 momenti
2440 2505 2500 2557 ip-

164 2586 256 2628 sae,
288 2587 400 2630 quae
431 2580 598 2629 essent,
629 2575 758 2631 paulo
790 2580 906 2631 post,
938 2589 992 2617 ne
1024 2575 1162 2619 dicam
1193 2580 1364 2631 statim,
1396 2580 1598 2635 cognitae
1629 2584 1805 2633 essent,
1838 2583 1882 2620 et
1913 2577 2027 2634 quod
2058 2579 2238 2634 gravius
2270 2578 2373 2629 erit,
2415 2581 2499 2617 sta-

163 2653 396 2690 tuemusne
427 2648 721 2702 Herodotum,
762 2649 980 2692 hominem
1012 2654 1102 2692 veri
1132 2651 1521 2705 studiosissimum,
1559 2666 1687 2707 quam
1725 2666 1817 2695 rem
1855 2666 2009 2693 novam
2049 2664 2103 2692 ex
2145 2649 2331 2692 Graecia
2368 2655 2500 2692 nauta

163 2721 334 2777 quidam
375 2722 457 2764 sibi
489 2723 734 2778 attulisset,
774 2738 830 2766 ne
872 2723 1046 2780 adjecto
1078 2724 1248 2781 quidem
1287 2726 1399 2782 φασὶ
1438 2729 1480 2768 in
1519 2741 1630 2782 opus
1671 2740 1839 2768 summa
1879 2739 1984 2768 cura
2022 2724 2292 2767 elaboratum
2332 2729 2499 2765 temere

162 2795 479 2839 transtulisse?
539 2796 761 2840 Differunt
798 2798 851 2840 ab
883 2797 1110 2841 Herodoto
1152 2805 1196 2841 et
1227 2801 1341 2841 inter
1371 2813 1421 2842 se
1452 2799 1733 2853 Plutarchus,
1775 2798 1997 2841 Diodorus
2042 2803 2087 2839 et
2119 2796 2304 2850 Strabo,
2343 2796 2498 2851 quibus

163 2868 379 2923 nituntur,
417 2873 489 2926 qui
527 2871 669 2913 locum
700 2871 879 2915 allatum
911 2871 1130 2927 explicare
1168 2872 1361 2916 student.
1424 2871 1681 2915 Plutarchus
1714 2875 1826 2914 enim
1857 2886 1941 2913 non
1975 2870 2188 2913 Decelum
2220 2868 2298 2911 sed
2329 2867 2496 2911 Acade-

161 2951 277 2982 mum
314 2940 433 2985 illum
462 2942 605 2987 fuisse
636 2943 879 3000 adjutorem
910 2945 1131 3001 perhibet,
1179 2945 1506 3003 Spartanosque
1543 2944 1660 2988 illius
1701 2944 1901 2988 beneficii
1941 2956 2158 2987 memores
2189 2942 2300 2984 fines
2340 2946 2496 2998 postea

162 3010 479 3069 depopulantes
509 3017 773 3062 Academiae
805 3023 1072 3076 pepercisse.
1132 3019 1405 3064 Mentionem
1437 3023 1566 3064 etiam
1598 3019 1703 3062 fecit
1733 3019 1925 3062 Marathi
1956 3025 2001 3061 et
2032 3017 2286 3070 Echedemi,
2322 3019 2416 3073 qui,
2448 3020 2497 3056 ut

161 3086 234 3128 alii
277 3087 528 3147 traderent,
579 3092 851 3149 Tyndaridas
899 3097 1042 3137 secuti
1087 3099 1261 3149 essent,
1308 3094 1422 3138 unde
1463 3095 1601 3137 tribus
1642 3094 1753 3137 duae
1793 3094 1968 3136 Atticae
2012 3106 2170 3134 nomen
2220 3092 2496 3146 accepissent

162 3158 310 3210 (Thes.
337 3174 374 3204 c.
396 3166 480 3217 32).
542 3164 654 3210 Aliis
685 3170 820 3226 igitur
848 3168 1100 3213 auctoribus
1131 3183 1238 3212 usus
1270 3175 1340 3213 est
1369 3169 1631 3213 Plutarchus
1663 3182 1804 3227 neque
1835 3167 1933 3211 ideo
1964 3166 2251 3223 rejiciendus,
2285 3170 2331 3206 ut
2361 3161 2495 3205 Dahi-

2031 3246 2063 3291 2
